fecha,concepto_supervielle,concepto_astor,codigo,debito,credito,saldo
31/08/2022,Impuesto Débitos y Créditos/DB,IMPUESTOS DEBITOS,5,"4,70",,"1.975.055,84"
31/08/2022,Impuesto Débitos y Créditos/DB,IMPUESTOS DEBITOS,5,"0,21",,"1.975.060,54"
31/08/2022,Impuesto Débitos y Créditos/DB,IMPUESTOS DEBITOS,5,"0,04",,"1.975.060,75"
31/08/2022,Impuesto Débitos y Créditos/DB,IMPUESTOS DEBITOS,5,"0,69",,"1.975.060,79"
31/08/2022,Impuesto Débitos y Créditos/DB,IMPUESTOS DEBITOS,5,"0,14",,"1.975.061,48"
31/08/2022,Devolución Imp. Débitos,IMPUESTOS DEBITOS,5,,"1.570,69","1.975.061,62"
31/08/2022,Devolución Imp. Débitos,IMPUESTOS DEBITOS,5,,"3.142,79","1.973.490,93"
31/08/2022,COMIS.TRANSFERENCIAS,COMISIONES,2,"115,00",,"1.970.348,14"
31/08/2022,IVA,IVA,7,"24,15",,"1.970.463,14"
31/08/2022,Comisión Consulta Cámara,COMISIONES,2,"35,00",,"1.970.487,29"
31/08/2022,IVA,IVA,7,"7,35",,"1.970.522,29"
31/08/2022,Comisión Mantenimiento Cuenta,COMISIONES,2,"4.706,00",,"1.970.529,64"
31/08/2022,IVA,IVA,7,"988,26",,"1.975.235,64"
31/08/2022,Percepción I.V.A. RG. 3337,PERC. IVA,9,"141,18",,"1.976.223,90"
31/08/2022,Cobro Percepción IIBB,IIBB,3,"4,71",,"1.976.365,08"
31/08/2022,Impuesto Débitos y Créditos/DB,IMPUESTOS DEBITOS,5,"28,24",,"1.976.369,79"
31/08/2022,Impuesto Débitos y Créditos/DB,IMPUESTOS DEBITOS,5,"5,93",,"1.976.398,03"
31/08/2022,Impuesto Débitos y Créditos/DB,IMPUESTOS DEBITOS,5,"0,85",,"1.976.403,96"
31/08/2022,Impuesto Débitos y Créditos/DB,IMPUESTOS DEBITOS,5,"0,03",,"1.976.404,81"
31/08/2022,Débito Comisión Pago a Prov.,COMISIONES,2,"784,08",,"1.976.404,84"
31/08/2022,Trf. Pago.Prov-Terceros O/Bcos,TRANSFERENCIA,12,,"1.640.804,99","1.977.188,92"
31/08/2022,Impuesto Débitos y Créditos/CR,IMPUESTOS CREDITOS,4,"9.844,83",,"336.383,93"
31/08/2022,Impuesto Débitos y Créditos/DB,IMPUESTOS DEBITOS,5,"177,21",,"346.228,76"
31/08/2022,IIBB- Acreditaciones Bancarias,IIBB,3,"29.534,49",,"346.405,97"
31/08/2022,Debito Transf. HomeBanking,TRANSFERENCIA,12,"3.300.000,00",,"375.940,46"
31/08/2022,Impuesto Débitos y Créditos/DB,IMPUESTOS DEBITOS,5,"19.800,00",,"3.675.940,46"
31/08/2022,CRED BCA ELECTR INTERBANC EXEN,TRANSFERENCIA,12,,"5.550.000,00","3.695.740,46"
31/08/2022,Transferencia por CBU,TRANSFERENCIA,12,"4.200.000,00",,"-1.854.259,54"
31/08/2022,CRED BCA ELECTR INTERBANC EXEN,TRANSFERENCIA,12,,"29.100.000,00","2.345.740,46"
31/08/2022,CRED BCA ELECTRONICA INTERBANC,TRANSFERENCIA,12,,"4.734.452,48","-26.754.259,54"
31/08/2022,IIBB- Acreditaciones Bancarias,IIBB,3,"85.220,14",,"-31.488.712,02"
31/08/2022,Impuesto Débitos y Créditos/CR,IMPUESTOS CREDITOS,4,"28.406,71",,"-31.403.491,88"
31/08/2022,Impuesto Débitos y Créditos/DB,IMPUESTOS DEBITOS,5,"511,32",,"-31.375.085,17"
31/08/2022,Rech. Cheques Falla Técnica,CHEQUE / FALLA,1,,"523.798,12","-31.374.573,85"
31/08/2022,Rech. Cheques Falla Técnica,CHEQUE / FALLA,1,,"261.782,40","-31.898.371,97"
31/08/2022,Trf. Masivas Pago Proveedores,TRANSFERENCIA,12,"163.888,82",,"-32.160.154,37"
31/08/2022,Impuesto Débitos y Créditos/DB,IMPUESTOS DEBITOS,5,"983,33",,"-31.996.265,55"
31/08/2022,Trf. Masivas Pago Proveedores,TRANSFERENCIA,12,"49.947,00",,"-31.995.282,22"
31/08/2022,Impuesto Débitos y Créditos/DB,IMPUESTOS DEBITOS,5,"299,68",,"-31.945.335,22"
31/08/2022,Trf. Masivas Pago Proveedores,TRANSFERENCIA,12,"29.766,07",,"-31.945.035,54"
31/08/2022,Impuesto Débitos y Créditos/DB,IMPUESTOS DEBITOS,5,"178,60",,"-31.915.269,47"
31/08/2022,Impuesto Débitos y Créditos/DB,IMPUESTOS DEBITOS,5,"0,25",,"-31.915.090,87"
31/08/2022,Pago Cheque de Cámara Recibida,CHEQUE,1,"1.500.000,00",,"-31.915.090,62"
31/08/2022,Impuesto Débitos y Créditos/DB,IMPUESTOS DEBITOS,5,"9.000,00",,"-30.415.090,62"
31/08/2022,Pago Cheque de Cámara Recibida,CHEQUE,1,"1.117.570,11",,"-30.406.090,62"
31/08/2022,Impuesto Débitos y Créditos/DB,IMPUESTOS DEBITOS,5,"6.705,42",,"-29.288.520,51"
31/08/2022,Pago Cheque de Cámara Recibida,CHEQUE,1,"501.532,00",,"-29.281.815,09"
31/08/2022,Impuesto Débitos y Créditos/DB,IMPUESTOS DEBITOS,5,"3.009,19",,"-28.780.283,09"
31/08/2022,Pago Cheque de Cámara Recibida,CHEQUE,1,"501.532,00",,"-28.777.273,90"
31/08/2022,Impuesto Débitos y Créditos/DB,IMPUESTOS DEBITOS,5,"3.009,19",,"-28.275.741,90"
31/08/2022,SIPAP - Pago Cheque de Cámara,CHEQUE,1,"167.448,57",,"-28.272.732,71"
31/08/2022,Impuesto Débitos y Créditos/DB,IMPUESTOS DEBITOS,5,"1.004,69",,"-28.105.284,14"
31/08/2022,SIPAP - Pago Cheque de Cámara,CHEQUE,1,"103.666,57",,"-28.104.279,45"
31/08/2022,Impuesto Débitos y Créditos/DB,IMPUESTOS DEBITOS,5,"622,00",,"-28.000.612,88"
31/08/2022,SIPAP - Pago Cheque de Cámara,CHEQUE,1,"261.782,40",,"-27.999.990,88"
31/08/2022,Impuesto Débitos y Créditos/DB,IMPUESTOS DEBITOS,5,"1.570,69",,"-27.738.208,48"
31/08/2022,SIPAP - Pago Cheque de Cámara,CHEQUE,1,"523.798,12",,"-27.736.637,79"
31/08/2022,Impuesto Débitos y Créditos/DB,IMPUESTOS DEBITOS,5,"3.142,79",,"-27.212.839,67"
31/08/2022,SIPAP - Pago Cheque de Cámara,CHEQUE,1,"101.001,94",,"-27.209.696,88"
31/08/2022,Impuesto Débitos y Créditos/DB,IMPUESTOS DEBITOS,5,"606,01",,"-27.108.694,94"
31/08/2022,Pago Cheque de Cámara Recibida,CHEQUE,1,"1.695.566,91",,"-27.108.088,93"
31/08/2022,Impuesto Débitos y Créditos/DB,IMPUESTOS DEBITOS,5,"10.173,40",,"-25.412.522,02"
31/08/2022,Pago Cheque de Cámara Recibida,CHEQUE,1,"2.000.000,00",,"-25.402.348,62"
31/08/2022,Impuesto Débitos y Créditos/DB,IMPUESTOS DEBITOS,5,"12.000,00",,"-23.402.348,62"
31/08/2022,Pago Cheque de Cámara Recibida,CHEQUE,1,"2.400.000,00",,"-23.390.348,62"
31/08/2022,Impuesto Débitos y Créditos/DB,IMPUESTOS DEBITOS,5,"14.400,00",,"-20.990.348,62"
31/08/2022,SIPAP - Pago Cámara SPV 24 hs.,CHEQUE,1,"11.967,75",,"-20.975.948,62"
31/08/2022,Impuesto Débitos y Créditos/DB,IMPUESTOS DEBITOS,5,"71,81",,"-20.963.980,87"
30/08/2022,Comisión Consulta Cámara,COMISIONES,2,"35,00",,"-20.963.909,06"
30/08/2022,IVA,IVA,7,"7,35",,"-20.963.874,06"
30/08/2022,Trf. Masivas Pago Proveedores,TRANSFERENCIA,12,"174.409,93",,"-20.963.866,71"
30/08/2022,Impuesto Débitos y Créditos/DB,IMPUESTOS DEBITOS,5,"1.046,46",,"-20.789.456,78"
30/08/2022,Trf. Masivas Pago Proveedores,TRANSFERENCIA,12,"101.536,23",,"-20.788.410,32"
30/08/2022,Impuesto Débitos y Créditos/DB,IMPUESTOS DEBITOS,5,"609,22",,"-20.686.874,09"
30/08/2022,Trf. Masivas Pago Proveedores,TRANSFERENCIA,12,"90.684,15",,"-20.686.264,87"
30/08/2022,Impuesto Débitos y Créditos/DB,IMPUESTOS DEBITOS,5,"544,10",,"-20.595.580,72"
30/08/2022,Trf. Masivas Pago Proveedores,TRANSFERENCIA,12,"99.140,99",,"-20.595.036,62"
30/08/2022,Impuesto Débitos y Créditos/DB,IMPUESTOS DEBITOS,5,"594,85",,"-20.495.895,63"
30/08/2022,Trf. Masivas Pago Proveedores,TRANSFERENCIA,12,"86.680,00",,"-20.495.300,78"
30/08/2022,Impuesto Débitos y Créditos/DB,IMPUESTOS DEBITOS,5,"520,08",,"-20.408.620,78"
30/08/2022,Trf. Masivas Pago Proveedores,TRANSFERENCIA,12,"151.131,68",,"-20.408.100,70"
30/08/2022,Impuesto Débitos y Créditos/DB,IMPUESTOS DEBITOS,5,"906,79",,"-20.256.969,02"
30/08/2022,Trf. Masivas Pago Proveedores,TRANSFERENCIA,12,"141.291,93",,"-20.256.062,23"
30/08/2022,Impuesto Débitos y Créditos/DB,IMPUESTOS DEBITOS,5,"847,75",,"-20.114.770,30"
30/08/2022,Trf. Masivas Pago Proveedores,TRANSFERENCIA,12,"157.882,91",,"-20.113.922,55"
30/08/2022,Impuesto Débitos y Créditos/DB,IMPUESTOS DEBITOS,5,"947,30",,"-19.956.039,64"
30/08/2022,Trf. Masivas Pago Proveedores,TRANSFERENCIA,12,"139.481,27",,"-19.955.092,34"
30/08/2022,Impuesto Débitos y Créditos/DB,IMPUESTOS DEBITOS,5,"836,89",,"-19.815.611,07"
30/08/2022,Trf. Masivas Pago Proveedores,TRANSFERENCIA,12,"140.743,49",,"-19.814.774,18"
30/08/2022,Impuesto Débitos y Créditos/DB,IMPUESTOS DEBITOS,5,"844,46",,"-19.674.030,69"
30/08/2022,Trf. Masivas Pago Proveedores,TRANSFERENCIA,12,"122.505,17",,"-19.673.186,23"
30/08/2022,Impuesto Débitos y Créditos/DB,IMPUESTOS DEBITOS,5,"735,03",,"-19.550.681,06"
30/08/2022,Trf. Masivas Pago Proveedores,TRANSFERENCIA,12,"161.000,00",,"-19.549.946,03"
30/08/2022,Impuesto Débitos y Créditos/DB,IMPUESTOS DEBITOS,5,"966,00",,"-19.388.946,03"
30/08/2022,Trf. Masivas Pago Proveedores,TRANSFERENCIA,12,"145.460,00",,"-19.387.980,03"
30/08/2022,Impuesto Débitos y Créditos/DB,IMPUESTOS DEBITOS,5,"872,76",,"-19.242.520,03"
30/08/2022,Trf. Masivas Pago Proveedores,TRANSFERENCIA,12,"79.511,01",,"-19.241.647,27"
30/08/2022,Impuesto Débitos y Créditos/DB,IMPUESTOS DEBITOS,5,"477,07",,"-19.162.136,26"
30/08/2022,Trf. Masivas Pago Proveedores,TRANSFERENCIA,12,"63.057,87",,"-19.161.659,19"
30/08/2022,Impuesto Débitos y Créditos/DB,IMPUESTOS DEBITOS,5,"378,35",,"-19.098.601,32"
30/08/2022,Trf. Masivas Pago Proveedores,TRANSFERENCIA,12,"35.785,03",,"-19.098.222,97"
30/08/2022,Impuesto Débitos y Créditos/DB,IMPUESTOS DEBITOS,5,"214,71",,"-19.062.437,94"
30/08/2022,Trf. Masivas Pago Proveedores,TRANSFERENCIA,12,"204.974,70",,"-19.062.223,23"
30/08/2022,Impuesto Débitos y Créditos/DB,IMPUESTOS DEBITOS,5,"1.229,85",,"-18.857.248,53"
30/08/2022,Trf. Masivas Pago Proveedores,TRANSFERENCIA,12,"206.277,00",,"-18.856.018,68"
30/08/2022,Impuesto Débitos y Créditos/DB,IMPUESTOS DEBITOS,5,"1.237,66",,"-18.649.741,68"
30/08/2022,Trf. Masivas Pago Proveedores,TRANSFERENCIA,12,"134.199,61",,"-18.648.504,02"
30/08/2022,Impuesto Débitos y Créditos/DB,IMPUESTOS DEBITOS,5,"805,20",,"-18.514.304,41"
30/08/2022,Trf. Masivas Pago Proveedores,TRANSFERENCIA,12,"283.597,04",,"-18.513.499,21"
30/08/2022,Impuesto Débitos y Créditos/DB,IMPUESTOS DEBITOS,5,"1.701,58",,"-18.229.902,17"
30/08/2022,Trf. Masivas Pago Proveedores,TRANSFERENCIA,12,"159.480,00",,"-18.228.200,59"
30/08/2022,Impuesto Débitos y Créditos/DB,IMPUESTOS DEBITOS,5,"956,88",,"-18.068.720,59"
30/08/2022,Trf. Masivas Pago Proveedores,TRANSFERENCIA,12,"105.128,36",,"-18.067.763,71"
30/08/2022,Impuesto Débitos y Créditos/DB,IMPUESTOS DEBITOS,5,"630,77",,"-17.962.635,35"
30/08/2022,Trf. Masivas Pago Proveedores,TRANSFERENCIA,12,"147.180,00",,"-17.962.004,58"
30/08/2022,Impuesto Débitos y Créditos/DB,IMPUESTOS DEBITOS,5,"883,08",,"-17.814.824,58"
30/08/2022,Trf. Masivas Pago Proveedores,TRANSFERENCIA,12,"44.321,56",,"-17.813.941,50"
30/08/2022,Impuesto Débitos y Créditos/DB,IMPUESTOS DEBITOS,5,"265,93",,"-17.769.619,94"
30/08/2022,Trf. Masivas Pago Proveedores,TRANSFERENCIA,12,"10.774,07",,"-17.769.354,01"
30/08/2022,Impuesto Débitos y Créditos/DB,IMPUESTOS DEBITOS,5,"64,64",,"-17.758.579,94"
30/08/2022,Trf. Masivas Pago Proveedores,TRANSFERENCIA,12,"162.982,57",,"-17.758.515,30"
30/08/2022,Impuesto Débitos y Créditos/DB,IMPUESTOS DEBITOS,5,"977,90",,"-17.595.532,73"
30/08/2022,Trf. Masivas Pago Proveedores,TRANSFERENCIA,12,"19.780,40",,"-17.594.554,83"
30/08/2022,Impuesto Débitos y Créditos/DB,IMPUESTOS DEBITOS,5,"118,68",,"-17.574.774,43"
30/08/2022,Trf. Masivas Pago Proveedores,TRANSFERENCIA,12,"69.983,30",,"-17.574.655,75"
30/08/2022,Impuesto Débitos y Créditos/DB,IMPUESTOS DEBITOS,5,"419,90",,"-17.504.672,45"
30/08/2022,Trf. Masivas Pago Proveedores,TRANSFERENCIA,12,"105.670,22",,"-17.504.252,55"
30/08/2022,Impuesto Débitos y Créditos/DB,IMPUESTOS DEBITOS,5,"634,02",,"-17.398.582,33"
30/08/2022,Trf. Masivas Pago Proveedores,TRANSFERENCIA,12,"58.250,06",,"-17.397.948,31"
30/08/2022,Impuesto Débitos y Créditos/DB,IMPUESTOS DEBITOS,5,"349,50",,"-17.339.698,25"
30/08/2022,Trf. Masivas Pago Proveedores,TRANSFERENCIA,12,"166.031,78",,"-17.339.348,75"
30/08/2022,Impuesto Débitos y Créditos/DB,IMPUESTOS DEBITOS,5,"996,19",,"-17.173.316,97"
30/08/2022,Trf. Masivas Pago Proveedores,TRANSFERENCIA,12,"223.687,50",,"-17.172.320,78"
30/08/2022,Impuesto Débitos y Créditos/DB,IMPUESTOS DEBITOS,5,"1.342,13",,"-16.948.633,28"
30/08/2022,Trf. Masivas Pago Proveedores,TRANSFERENCIA,12,"23.352,52",,"-16.947.291,15"
30/08/2022,Impuesto Débitos y Créditos/DB,IMPUESTOS DEBITOS,5,"140,12",,"-16.923.938,63"
30/08/2022,Trf. Masivas Pago Proveedores,TRANSFERENCIA,12,"32.500,09",,"-16.923.798,51"
30/08/2022,Impuesto Débitos y Créditos/DB,IMPUESTOS DEBITOS,5,"195,00",,"-16.891.298,42"
30/08/2022,Trf. Masivas Pago Proveedores,TRANSFERENCIA,12,"88.709,22",,"-16.891.103,42"
30/08/2022,Impuesto Débitos y Créditos/DB,IMPUESTOS DEBITOS,5,"532,26",,"-16.802.394,20"
30/08/2022,Trf. Masivas Pago Proveedores,TRANSFERENCIA,12,"42.095,30",,"-16.801.861,94"
30/08/2022,Impuesto Débitos y Créditos/DB,IMPUESTOS DEBITOS,5,"252,57",,"-16.759.766,64"
30/08/2022,Trf. Masivas Pago Proveedores,TRANSFERENCIA,12,"90.834,11",,"-16.759.514,07"
30/08/2022,Impuesto Débitos y Créditos/DB,IMPUESTOS DEBITOS,5,"545,00",,"-16.668.679,96"
30/08/2022,Trf. Masivas Pago Proveedores,TRANSFERENCIA,12,"45.355,37",,"-16.668.134,96"
30/08/2022,Impuesto Débitos y Créditos/DB,IMPUESTOS DEBITOS,5,"272,13",,"-16.622.779,59"
30/08/2022,Trf. Masivas Pago Proveedores,TRANSFERENCIA,12,"8.224,75",,"-16.622.507,46"
30/08/2022,Impuesto Débitos y Créditos/DB,IMPUESTOS DEBITOS,5,"49,35",,"-16.614.282,71"
30/08/2022,Trf. Masivas Pago Proveedores,TRANSFERENCIA,12,"169.740,38",,"-16.614.233,36"
30/08/2022,Impuesto Débitos y Créditos/DB,IMPUESTOS DEBITOS,5,"1.018,44",,"-16.444.492,98"
30/08/2022,Trf. Masivas Pago Proveedores,TRANSFERENCIA,12,"56.060,07",,"-16.443.474,54"
30/08/2022,Impuesto Débitos y Créditos/DB,IMPUESTOS DEBITOS,5,"336,36",,"-16.387.414,47"
30/08/2022,Trf. Masivas Pago Proveedores,TRANSFERENCIA,12,"8.224,77",,"-16.387.078,11"
30/08/2022,Impuesto Débitos y Créditos/DB,IMPUESTOS DEBITOS,5,"49,35",,"-16.378.853,34"
30/08/2022,Trf. Masivas Pago Proveedores,TRANSFERENCIA,12,"53.200,00",,"-16.378.803,99"
30/08/2022,Impuesto Débitos y Créditos/DB,IMPUESTOS DEBITOS,5,"319,20",,"-16.325.603,99"
30/08/2022,Trf. Masivas Pago Proveedores,TRANSFERENCIA,12,"16.800,00",,"-16.325.284,79"
30/08/2022,Impuesto Débitos y Créditos/DB,IMPUESTOS DEBITOS,5,"100,80",,"-16.308.484,79"
30/08/2022,Trf. Masivas Pago Proveedores,TRANSFERENCIA,12,"145.500,15",,"-16.308.383,99"
30/08/2022,Impuesto Débitos y Créditos/DB,IMPUESTOS DEBITOS,5,"873,00",,"-16.162.883,84"
30/08/2022,Trf. Masivas Pago Proveedores,TRANSFERENCIA,12,"190.722,11",,"-16.162.010,84"
30/08/2022,Impuesto Débitos y Créditos/DB,IMPUESTOS DEBITOS,5,"1.144,33",,"-15.971.288,73"
30/08/2022,Trf. Masivas Pago Proveedores,TRANSFERENCIA,12,"194.704,82",,"-15.970.144,40"
30/08/2022,Impuesto Débitos y Créditos/DB,IMPUESTOS DEBITOS,5,"1.168,23",,"-15.775.439,58"
30/08/2022,Trf. Masivas Pago Proveedores,TRANSFERENCIA,12,"109.446,06",,"-15.774.271,35"
30/08/2022,Impuesto Débitos y Créditos/DB,IMPUESTOS DEBITOS,5,"656,68",,"-15.664.825,29"
30/08/2022,Trf. Masivas Pago Proveedores,TRANSFERENCIA,12,"115.800,00",,"-15.664.168,61"
30/08/2022,Impuesto Débitos y Créditos/DB,IMPUESTOS DEBITOS,5,"694,80",,"-15.548.368,61"
30/08/2022,Trf. Masivas Pago Proveedores,TRANSFERENCIA,12,"80.964,00",,"-15.547.673,81"
30/08/2022,Impuesto Débitos y Créditos/DB,IMPUESTOS DEBITOS,5,"485,78",,"-15.466.709,81"
30/08/2022,Trf. Masivas Pago Proveedores,TRANSFERENCIA,12,"83.094,60",,"-15.466.224,03"
30/08/2022,Impuesto Débitos y Créditos/DB,IMPUESTOS DEBITOS,5,"498,57",,"-15.383.129,43"
30/08/2022,Trf. Masivas Pago Proveedores,TRANSFERENCIA,12,"75.277,64",,"-15.382.630,86"
30/08/2022,Impuesto Débitos y Créditos/DB,IMPUESTOS DEBITOS,5,"451,67",,"-15.307.353,22"
30/08/2022,Trf. Masivas Pago Proveedores,TRANSFERENCIA,12,"87.160,00",,"-15.306.901,55"
30/08/2022,Impuesto Débitos y Créditos/DB,IMPUESTOS DEBITOS,5,"522,96",,"-15.219.741,55"
30/08/2022,Trf. Masivas Pago Proveedores,TRANSFERENCIA,12,"97.534,70",,"-15.219.218,59"
30/08/2022,Impuesto Débitos y Créditos/DB,IMPUESTOS DEBITOS,5,"585,21",,"-15.121.683,89"
30/08/2022,Trf. Masivas Pago Proveedores,TRANSFERENCIA,12,"27.920,00",,"-15.121.098,68"
30/08/2022,Impuesto Débitos y Créditos/DB,IMPUESTOS DEBITOS,5,"167,52",,"-15.093.178,68"
30/08/2022,Trf. Masivas Pago Proveedores,TRANSFERENCIA,12,"81.799,00",,"-15.093.011,16"
30/08/2022,Impuesto Débitos y Créditos/DB,IMPUESTOS DEBITOS,5,"490,79",,"-15.011.212,16"
30/08/2022,Trf. Masivas Pago Proveedores,TRANSFERENCIA,12,"74.898,41",,"-15.010.721,37"
30/08/2022,Impuesto Débitos y Créditos/DB,IMPUESTOS DEBITOS,5,"449,39",,"-14.935.822,96"
30/08/2022,Trf. Masivas Pago Proveedores,TRANSFERENCIA,12,"87.774,00",,"-14.935.373,57"
30/08/2022,Impuesto Débitos y Créditos/DB,IMPUESTOS DEBITOS,5,"526,64",,"-14.847.599,57"
30/08/2022,Trf. Masivas Pago Proveedores,TRANSFERENCIA,12,"77.686,95",,"-14.847.072,93"
30/08/2022,Impuesto Débitos y Créditos/DB,IMPUESTOS DEBITOS,5,"466,12",,"-14.769.385,98"
30/08/2022,Trf. Masivas Pago Proveedores,TRANSFERENCIA,12,"55.475,48",,"-14.768.919,86"
30/08/2022,Impuesto Débitos y Créditos/DB,IMPUESTOS DEBITOS,5,"332,85",,"-14.713.444,38"
30/08/2022,Trf. Masivas Pago Proveedores,TRANSFERENCIA,12,"69.168,00",,"-14.713.111,53"
30/08/2022,Impuesto Débitos y Créditos/DB,IMPUESTOS DEBITOS,5,"415,01",,"-14.643.943,53"
30/08/2022,Trf. Masivas Pago Proveedores,TRANSFERENCIA,12,"110.544,00",,"-14.643.528,52"
30/08/2022,Impuesto Débitos y Créditos/DB,IMPUESTOS DEBITOS,5,"663,26",,"-14.532.984,52"
30/08/2022,Trf. Masivas Pago Proveedores,TRANSFERENCIA,12,"78.929,00",,"-14.532.321,26"
30/08/2022,Impuesto Débitos y Créditos/DB,IMPUESTOS DEBITOS,5,"473,57",,"-14.453.392,26"
30/08/2022,Trf. Masivas Pago Proveedores,TRANSFERENCIA,12,"52.834,00",,"-14.452.918,69"
30/08/2022,Impuesto Débitos y Créditos/DB,IMPUESTOS DEBITOS,5,"317,00",,"-14.400.084,69"
30/08/2022,Trf. Masivas Pago Proveedores,TRANSFERENCIA,12,"410.670,00",,"-14.399.767,69"
30/08/2022,Impuesto Débitos y Créditos/DB,IMPUESTOS DEBITOS,5,"2.464,02",,"-13.989.097,69"
30/08/2022,Trf. Masivas Pago Proveedores,TRANSFERENCIA,12,"86.149,53",,"-13.986.633,67"
30/08/2022,Impuesto Débitos y Créditos/DB,IMPUESTOS DEBITOS,5,"516,90",,"-13.900.484,14"
30/08/2022,Trf. Masivas Pago Proveedores,TRANSFERENCIA,12,"61.949,00",,"-13.899.967,24"
30/08/2022,Impuesto Débitos y Créditos/DB,IMPUESTOS DEBITOS,5,"371,69",,"-13.838.018,24"
30/08/2022,Trf. Masivas Pago Proveedores,TRANSFERENCIA,12,"61.800,64",,"-13.837.646,55"
30/08/2022,Impuesto Débitos y Créditos/DB,IMPUESTOS DEBITOS,5,"370,80",,"-13.775.845,91"
30/08/2022,Trf. Masivas Pago Proveedores,TRANSFERENCIA,12,"77.957,82",,"-13.775.475,11"
30/08/2022,Impuesto Débitos y Créditos/DB,IMPUESTOS DEBITOS,5,"467,75",,"-13.697.517,29"
30/08/2022,Trf. Masivas Pago Proveedores,TRANSFERENCIA,12,"56.172,00",,"-13.697.049,54"
30/08/2022,Impuesto Débitos y Créditos/DB,IMPUESTOS DEBITOS,5,"337,03",,"-13.640.877,54"
30/08/2022,Trf. Masivas Pago Proveedores,TRANSFERENCIA,12,"75.704,00",,"-13.640.540,51"
30/08/2022,Impuesto Débitos y Créditos/DB,IMPUESTOS DEBITOS,5,"454,22",,"-13.564.836,51"
30/08/2022,Trf. Masivas Pago Proveedores,TRANSFERENCIA,12,"34.599,42",,"-13.564.382,29"
30/08/2022,Impuesto Débitos y Créditos/DB,IMPUESTOS DEBITOS,5,"207,60",,"-13.529.782,87"
30/08/2022,Trf. Masivas Pago Proveedores,TRANSFERENCIA,12,"76.566,00",,"-13.529.575,27"
30/08/2022,Impuesto Débitos y Créditos/DB,IMPUESTOS DEBITOS,5,"459,40",,"-13.453.009,27"
30/08/2022,Trf. Masivas Pago Proveedores,TRANSFERENCIA,12,"151.521,56",,"-13.452.549,87"
30/08/2022,Impuesto Débitos y Créditos/DB,IMPUESTOS DEBITOS,5,"909,13",,"-13.301.028,31"
30/08/2022,Trf. Masivas Pago Proveedores,TRANSFERENCIA,12,"76.469,40",,"-13.300.119,18"
30/08/2022,Impuesto Débitos y Créditos/DB,IMPUESTOS DEBITOS,5,"458,82",,"-13.223.649,78"
30/08/2022,Trf. Masivas Pago Proveedores,TRANSFERENCIA,12,"72.181,00",,"-13.223.190,96"
30/08/2022,Impuesto Débitos y Créditos/DB,IMPUESTOS DEBITOS,5,"433,09",,"-13.151.009,96"
30/08/2022,Trf. Masivas Pago Proveedores,TRANSFERENCIA,12,"72.790,51",,"-13.150.576,87"
30/08/2022,Impuesto Débitos y Créditos/DB,IMPUESTOS DEBITOS,5,"436,74",,"-13.077.786,36"
30/08/2022,Trf. Masivas Pago Proveedores,TRANSFERENCIA,12,"79.917,84",,"-13.077.349,62"
30/08/2022,Impuesto Débitos y Créditos/DB,IMPUESTOS DEBITOS,5,"479,51",,"-12.997.431,78"
30/08/2022,Trf. Masivas Pago Proveedores,TRANSFERENCIA,12,"52.576,00",,"-12.996.952,27"
30/08/2022,Impuesto Débitos y Créditos/DB,IMPUESTOS DEBITOS,5,"315,46",,"-12.944.376,27"
30/08/2022,Trf. Masivas Pago Proveedores,TRANSFERENCIA,12,"81.670,00",,"-12.944.060,81"
30/08/2022,Impuesto Débitos y Créditos/DB,IMPUESTOS DEBITOS,5,"490,02",,"-12.862.390,81"
30/08/2022,Trf. Masivas Pago Proveedores,TRANSFERENCIA,12,"98.839,82",,"-12.861.900,79"
30/08/2022,Impuesto Débitos y Créditos/DB,IMPUESTOS DEBITOS,5,"593,04",,"-12.763.060,97"
30/08/2022,Trf. Masivas Pago Proveedores,TRANSFERENCIA,12,"78.205,00",,"-12.762.467,93"
30/08/2022,Impuesto Débitos y Créditos/DB,IMPUESTOS DEBITOS,5,"469,23",,"-12.684.262,93"
30/08/2022,Trf. Masivas Pago Proveedores,TRANSFERENCIA,12,"106.454,86",,"-12.683.793,70"
30/08/2022,Impuesto Débitos y Créditos/DB,IMPUESTOS DEBITOS,5,"638,73",,"-12.577.338,84"
30/08/2022,Trf. Masivas Pago Proveedores,TRANSFERENCIA,12,"135.675,00",,"-12.576.700,11"
30/08/2022,Impuesto Débitos y Créditos/DB,IMPUESTOS DEBITOS,5,"814,05",,"-12.441.025,11"
30/08/2022,Trf. Masivas Pago Proveedores,TRANSFERENCIA,12,"101.232,39",,"-12.440.211,06"
30/08/2022,Impuesto Débitos y Créditos/DB,IMPUESTOS DEBITOS,5,"607,39",,"-12.338.978,67"
30/08/2022,Trf. Masivas Pago Proveedores,TRANSFERENCIA,12,"729.222,30",,"-12.338.371,28"
30/08/2022,Impuesto Débitos y Créditos/DB,IMPUESTOS DEBITOS,5,"4.375,33",,"-11.609.148,98"
30/08/2022,Trf. Masivas Pago Proveedores,TRANSFERENCIA,12,"108.481,00",,"-11.604.773,65"
30/08/2022,Impuesto Débitos y Créditos/DB,IMPUESTOS DEBITOS,5,"650,89",,"-11.496.292,65"
30/08/2022,Trf. Masivas Pago Proveedores,TRANSFERENCIA,12,"165.442,00",,"-11.495.641,76"
30/08/2022,Impuesto Débitos y Créditos/DB,IMPUESTOS DEBITOS,5,"992,65",,"-11.330.199,76"
30/08/2022,Trf. Masivas Pago Proveedores,TRANSFERENCIA,12,"198.689,00",,"-11.329.207,11"
30/08/2022,Impuesto Débitos y Créditos/DB,IMPUESTOS DEBITOS,5,"1.192,13",,"-11.130.518,11"
30/08/2022,Trf. Masivas Pago Proveedores,TRANSFERENCIA,12,"81.217,19",,"-11.129.325,98"
30/08/2022,Impuesto Débitos y Créditos/DB,IMPUESTOS DEBITOS,5,"487,30",,"-11.048.108,79"
30/08/2022,Trf. Masivas Pago Proveedores,TRANSFERENCIA,12,"67.500,11",,"-11.047.621,49"
30/08/2022,Impuesto Débitos y Créditos/DB,IMPUESTOS DEBITOS,5,"405,00",,"-10.980.121,38"
30/08/2022,Trf. Masivas Pago Proveedores,TRANSFERENCIA,12,"53.436,24",,"-10.979.716,38"
30/08/2022,Impuesto Débitos y Créditos/DB,IMPUESTOS DEBITOS,5,"320,62",,"-10.926.280,14"
30/08/2022,Trf. Masivas Pago Proveedores,TRANSFERENCIA,12,"62.070,76",,"-10.925.959,52"
30/08/2022,Impuesto Débitos y Créditos/DB,IMPUESTOS DEBITOS,5,"372,42",,"-10.863.888,76"
30/08/2022,Trf. Masivas Pago Proveedores,TRANSFERENCIA,12,"62.027,42",,"-10.863.516,34"
30/08/2022,Impuesto Débitos y Créditos/DB,IMPUESTOS DEBITOS,5,"372,16",,"-10.801.488,92"
30/08/2022,Trf. Masivas Pago Proveedores,TRANSFERENCIA,12,"512.947,66",,"-10.801.116,76"
30/08/2022,Impuesto Débitos y Créditos/DB,IMPUESTOS DEBITOS,5,"3.077,69",,"-10.288.169,10"
30/08/2022,Crédito Transf. HomeBanking,TRANSFERENCIA,12,,"1.500.000,00","-10.285.091,41"
30/08/2022,IIBB- Acreditaciones Bancarias,IIBB,3,"27.000,00",,"-11.785.091,41"
30/08/2022,Impuesto Débitos y Créditos/CR,IMPUESTOS CREDITOS,4,"9.000,00",,"-11.758.091,41"
30/08/2022,Impuesto Débitos y Créditos/DB,IMPUESTOS DEBITOS,5,"162,00",,"-11.749.091,41"
30/08/2022,Crédito Transf. HomeBanking,TRANSFERENCIA,12,,"3.100.000,00","-11.748.929,41"
30/08/2022,IIBB- Acreditaciones Bancarias,IIBB,3,"55.800,00",,"-14.848.929,41"
30/08/2022,Impuesto Débitos y Créditos/CR,IMPUESTOS CREDITOS,4,"18.600,00",,"-14.793.129,41"
30/08/2022,Impuesto Débitos y Créditos/DB,IMPUESTOS DEBITOS,5,"334,80",,"-14.774.529,41"
30/08/2022,CRED BCA ELECTR INTERBANC EXEN,TRANSFERENCIA,12,,"15.000.000,00","-14.774.194,61"
30/08/2022,CRED BCA ELECTRONICA INTERBANC,TRANSFERENCIA,12,,"1.618.152,92","-29.774.194,61"
30/08/2022,IIBB- Acreditaciones Bancarias,IIBB,3,"29.126,75",,"-31.392.347,53"
30/08/2022,Impuesto Débitos y Créditos/CR,IMPUESTOS CREDITOS,4,"9.708,92",,"-31.363.220,78"
30/08/2022,Impuesto Débitos y Créditos/DB,IMPUESTOS DEBITOS,5,"174,76",,"-31.353.511,86"
30/08/2022,Descto. Docum.- Acreditación,OPERACIONES FINANCIERAS,8,,"5.232.623,12","-31.353.337,10"
30/08/2022,IIBB- Acreditaciones Bancarias,IIBB,3,"94.187,22",,"-36.585.960,22"
30/08/2022,SIPAP - Pago Cheque de Cámara,CHEQUE,1,"82.991,71",,"-36.491.773,00"
30/08/2022,Impuesto Débitos y Créditos/DB,IMPUESTOS DEBITOS,5,"497,95",,"-36.408.781,29"
30/08/2022,SIPAP - Pago Cheque de Cámara,CHEQUE,1,"121.820,27",,"-36.408.283,34"
30/08/2022,Impuesto Débitos y Créditos/DB,IMPUESTOS DEBITOS,5,"730,92",,"-36.286.463,07"
30/08/2022,Pago Cheque de Cámara Recibida,CHEQUE,1,"1.500.000,00",,"-36.285.732,15"
30/08/2022,Impuesto Débitos y Créditos/DB,IMPUESTOS DEBITOS,5,"9.000,00",,"-34.785.732,15"
30/08/2022,Pago Cheque de Cámara Recibida,CHEQUE,1,"1.555.484,44",,"-34.776.732,15"
30/08/2022,Impuesto Débitos y Créditos/DB,IMPUESTOS DEBITOS,5,"9.332,91",,"-33.221.247,71"
30/08/2022,Pago Cheque de Cámara Recibida,CHEQUE,1,"519.669,13",,"-33.211.914,80"
30/08/2022,Impuesto Débitos y Créditos/DB,IMPUESTOS DEBITOS,5,"3.118,01",,"-32.692.245,67"
30/08/2022,Pago Cheque de Cámara Recibida,CHEQUE,1,"1.383.963,29",,"-32.689.127,66"
30/08/2022,Impuesto Débitos y Créditos/DB,IMPUESTOS DEBITOS,5,"8.303,78",,"-31.305.164,37"
30/08/2022,SIPAP - Pago Cheque de Cámara,CHEQUE,1,"14.292,00",,"-31.296.860,59"
30/08/2022,Impuesto Débitos y Créditos/DB,IMPUESTOS DEBITOS,5,"85,75",,"-31.282.568,59"
30/08/2022,SIPAP - Pago Cheque de Cámara,CHEQUE,1,"9.528,00",,"-31.282.482,84"
30/08/2022,Impuesto Débitos y Créditos/DB,IMPUESTOS DEBITOS,5,"57,17",,"-31.272.954,84"
30/08/2022,Pago Cheque de Cámara Recibida,CHEQUE,1,"2.000.000,00",,"-31.272.897,67"
30/08/2022,Impuesto Débitos y Créditos/DB,IMPUESTOS DEBITOS,5,"12.000,00",,"-29.272.897,67"
30/08/2022,Pago Cheque de Cámara Recibida,CHEQUE,1,"1.695.566,93",,"-29.260.897,67"
30/08/2022,Impuesto Débitos y Créditos/DB,IMPUESTOS DEBITOS,5,"10.173,40",,"-27.565.330,74"
30/08/2022,Pago Cheque de Cámara Recibida,CHEQUE,1,"102.623,68",,"-27.555.157,34"
30/08/2022,Impuesto Débitos y Créditos/DB,IMPUESTOS DEBITOS,5,"615,74",,"-27.452.533,66"
30/08/2022,Pago Cheque de Cámara Recibida,CHEQUE,1,"2.000.000,00",,"-27.451.917,92"
30/08/2022,Impuesto Débitos y Créditos/DB,IMPUESTOS DEBITOS,5,"12.000,00",,"-25.451.917,92"
30/08/2022,Pago Cheque de Cámara Recibida,CHEQUE,1,"2.000.000,00",,"-25.439.917,92"
30/08/2022,Impuesto Débitos y Créditos/DB,IMPUESTOS DEBITOS,5,"12.000,00",,"-23.439.917,92"
30/08/2022,Pago Cheque de Cámara Recibida,CHEQUE,1,"2.200.000,00",,"-23.427.917,92"
30/08/2022,Impuesto Débitos y Créditos/DB,IMPUESTOS DEBITOS,5,"13.200,00",,"-21.227.917,92"
30/08/2022,Pago Cámara SPV 24 hs.,CHEQUE,1,"2.115.162,71",,"-21.214.717,92"
30/08/2022,Impuesto Débitos y Créditos/DB,IMPUESTOS DEBITOS,5,"12.690,98",,"-19.099.555,21"
29/08/2022,Impuesto Débitos y Créditos/DB,IMPUESTOS DEBITOS,5,"0,69",,"-19.086.864,23"
29/08/2022,Impuesto Débitos y Créditos/DB,IMPUESTOS DEBITOS,5,"0,14",,"-19.086.863,54"
29/08/2022,Impuesto Débitos y Créditos/DB,IMPUESTOS DEBITOS,5,"0,21",,"-19.086.863,40"
29/08/2022,Impuesto Débitos y Créditos/DB,IMPUESTOS DEBITOS,5,"0,04",,"-19.086.863,19"
29/08/2022,COMIS.TRANSFERENCIAS,COMISIONES,2,"115,00",,"-19.086.863,15"
29/08/2022,IVA,IVA,7,"24,15",,"-19.086.748,15"
29/08/2022,Comisión Consulta Cámara,COMISIONES,2,"35,00",,"-19.086.724,00"
29/08/2022,IVA,IVA,7,"7,35",,"-19.086.689,00"
29/08/2022,Transferencia por CBU,TRANSFERENCIA,12,"2.183.122,01",,"-19.086.681,65"
29/08/2022,Impuesto Débitos y Créditos/DB,IMPUESTOS DEBITOS,5,"13.098,73",,"-16.903.559,64"
29/08/2022,Trf. Masivas Pago Proveedores,TRANSFERENCIA,12,"88.245,00",,"-16.890.460,91"
29/08/2022,Impuesto Débitos y Créditos/DB,IMPUESTOS DEBITOS,5,"529,47",,"-16.802.215,91"
29/08/2022,Trf. Masivas Pago Proveedores,TRANSFERENCIA,12,"67.734,00",,"-16.801.686,44"
29/08/2022,Impuesto Débitos y Créditos/DB,IMPUESTOS DEBITOS,5,"406,40",,"-16.733.952,44"
29/08/2022,Trf. Masivas Pago Proveedores,TRANSFERENCIA,12,"26.910,87",,"-16.733.546,04"
29/08/2022,Impuesto Débitos y Créditos/DB,IMPUESTOS DEBITOS,5,"161,47",,"-16.706.635,17"
29/08/2022,Trf. Masivas Pago Proveedores,TRANSFERENCIA,12,"240.173,26",,"-16.706.473,70"
29/08/2022,Impuesto Débitos y Créditos/DB,IMPUESTOS DEBITOS,5,"1.441,04",,"-16.466.300,44"
29/08/2022,Trf. Masivas Pago Proveedores,TRANSFERENCIA,12,"124.392,67",,"-16.464.859,40"
29/08/2022,Impuesto Débitos y Créditos/DB,IMPUESTOS DEBITOS,5,"746,36",,"-16.340.466,73"
29/08/2022,Trf. Masivas Pago Proveedores,TRANSFERENCIA,12,"139.024,04",,"-16.339.720,37"
29/08/2022,Impuesto Débitos y Créditos/DB,IMPUESTOS DEBITOS,5,"834,14",,"-16.200.696,33"
29/08/2022,Trf. Masivas Pago Proveedores,TRANSFERENCIA,12,"41.967,00",,"-16.199.862,19"
29/08/2022,Impuesto Débitos y Créditos/DB,IMPUESTOS DEBITOS,5,"251,80",,"-16.157.895,19"
29/08/2022,Trf. Masivas Pago Proveedores,TRANSFERENCIA,12,"1.286.062,50",,"-16.157.643,39"
29/08/2022,Impuesto Débitos y Créditos/DB,IMPUESTOS DEBITOS,5,"7.716,38",,"-14.871.580,89"
29/08/2022,Trf. Masivas Pago Proveedores,TRANSFERENCIA,12,"51.039,00",,"-14.863.864,51"
29/08/2022,Impuesto Débitos y Créditos/DB,IMPUESTOS DEBITOS,5,"306,23",,"-14.812.825,51"
29/08/2022,Trf. Masivas Pago Proveedores,TRANSFERENCIA,12,"43.671,15",,"-14.812.519,28"
29/08/2022,Impuesto Débitos y Créditos/DB,IMPUESTOS DEBITOS,5,"262,03",,"-14.768.848,13"
29/08/2022,Crédito por Transferencia,TRANSFERENCIA,12,,"9.283.158,11","-14.768.586,10"
29/08/2022,IIBB- Acreditaciones Bancarias,IIBB,3,"167.096,85",,"-24.051.744,21"
29/08/2022,Impuesto Débitos y Créditos/CR,IMPUESTOS CREDITOS,4,"55.698,95",,"-23.884.647,36"
29/08/2022,Impuesto Débitos y Créditos/DB,IMPUESTOS DEBITOS,5,"1.002,58",,"-23.828.948,41"
29/08/2022,Descto. Docum.- Acreditación,OPERACIONES FINANCIERAS,8,,"754.409,15","-23.827.945,83"
29/08/2022,IIBB- Acreditaciones Bancarias,IIBB,3,"13.579,36",,"-24.582.354,98"
29/08/2022,Descto. Docum.- Acreditación,OPERACIONES FINANCIERAS,8,,"485.360,54","-24.568.775,62"
29/08/2022,IIBB- Acreditaciones Bancarias,IIBB,3,"8.736,49",,"-25.054.136,16"
29/08/2022,SIPAP - Pago Cheque de Cámara,CHEQUE,1,"40.199,82",,"-25.045.399,67"
29/08/2022,Impuesto Débitos y Créditos/DB,IMPUESTOS DEBITOS,5,"241,20",,"-25.005.199,85"
29/08/2022,SIPAP - Pago Cheque de Cámara,CHEQUE,1,"147.397,42",,"-25.004.958,65"
29/08/2022,Impuesto Débitos y Créditos/DB,IMPUESTOS DEBITOS,5,"884,38",,"-24.857.561,23"
29/08/2022,SIPAP - Pago Cheque de Cámara,CHEQUE,1,"132.642,86",,"-24.856.676,85"
29/08/2022,Impuesto Débitos y Créditos/DB,IMPUESTOS DEBITOS,5,"795,86",,"-24.724.033,99"
29/08/2022,SIPAP - Pago Cheque de Cámara,CHEQUE,1,"278.673,59",,"-24.723.238,13"
29/08/2022,Impuesto Débitos y Créditos/DB,IMPUESTOS DEBITOS,5,"1.672,04",,"-24.444.564,54"
29/08/2022,Pago Cheque de Cámara Recibida,CHEQUE,1,"2.000.000,00",,"-24.442.892,50"
29/08/2022,Impuesto Débitos y Créditos/DB,IMPUESTOS DEBITOS,5,"12.000,00",,"-22.442.892,50"
29/08/2022,Pago Cheque de Cámara Recibida,CHEQUE,1,"2.400.000,00",,"-22.430.892,50"
29/08/2022,Impuesto Débitos y Créditos/DB,IMPUESTOS DEBITOS,5,"14.400,00",,"-20.030.892,50"
29/08/2022,Pago Cheque de Cámara Recibida,CHEQUE,1,"1.500.000,00",,"-20.016.492,50"
29/08/2022,Impuesto Débitos y Créditos/DB,IMPUESTOS DEBITOS,5,"9.000,00",,"-18.516.492,50"
29/08/2022,SIPAP - Pago Cheque de Cámara,CHEQUE,1,"67.116,00",,"-18.507.492,50"
29/08/2022,Impuesto Débitos y Créditos/DB,IMPUESTOS DEBITOS,5,"402,70",,"-18.440.376,50"
29/08/2022,SIPAP - Pago Cheque de Cámara,CHEQUE,1,"55.327,81",,"-18.439.973,80"
29/08/2022,Impuesto Débitos y Créditos/DB,IMPUESTOS DEBITOS,5,"331,97",,"-18.384.645,99"
29/08/2022,SIPAP - Pago Cheque de Cámara,CHEQUE,1,"77.547,36",,"-18.384.314,02"
29/08/2022,Impuesto Débitos y Créditos/DB,IMPUESTOS DEBITOS,5,"465,28",,"-18.306.766,66"
29/08/2022,SIPAP - Pago Cheque de Cámara,CHEQUE,1,"392.673,60",,"-18.306.301,38"
29/08/2022,Impuesto Débitos y Créditos/DB,IMPUESTOS DEBITOS,5,"2.356,04",,"-17.913.627,78"
29/08/2022,Pago Cheque de Cámara Recibida,CHEQUE,1,"2.000.000,00",,"-17.911.271,74"
29/08/2022,Impuesto Débitos y Créditos/DB,IMPUESTOS DEBITOS,5,"12.000,00",,"-15.911.271,74"
29/08/2022,Pago Cheque de Cámara Recibida,CHEQUE,1,"2.000.000,00",,"-15.899.271,74"
29/08/2022,Impuesto Débitos y Créditos/DB,IMPUESTOS DEBITOS,5,"12.000,00",,"-13.899.271,74"
26/08/2022,Impuesto Débitos y Créditos/DB,IMPUESTOS DEBITOS,5,"0,21",,"-13.887.271,74"
26/08/2022,Impuesto Débitos y Créditos/DB,IMPUESTOS DEBITOS,5,"0,04",,"-13.887.271,53"
26/08/2022,Comisión Consulta Cámara,COMISIONES,2,"35,00",,"-13.887.271,49"
26/08/2022,IVA,IVA,7,"7,35",,"-13.887.236,49"
26/08/2022,Trf. Pago.Prov-Terceros O/Bcos,TRANSFERENCIA,12,,"258.822,53","-13.887.229,14"
26/08/2022,Impuesto Débitos y Créditos/CR,IMPUESTOS CREDITOS,4,"1.552,94",,"-14.146.051,67"
26/08/2022,Impuesto Débitos y Créditos/DB,IMPUESTOS DEBITOS,5,"27,95",,"-14.144.498,73"
26/08/2022,IIBB- Acreditaciones Bancarias,IIBB,3,"4.658,81",,"-14.144.470,78"
26/08/2022,CRED BCA ELECTR INTERBANC EXEN,TRANSFERENCIA,12,,"1.300.000,00","-14.139.811,97"
26/08/2022,CRED BCA ELECTRONICA INTERBANC,TRANSFERENCIA,12,,"5.785.114,65","-15.439.811,97"
26/08/2022,IIBB- Acreditaciones Bancarias,IIBB,3,"104.132,06",,"-21.224.926,62"
26/08/2022,Impuesto Débitos y Créditos/CR,IMPUESTOS CREDITOS,4,"34.710,69",,"-21.120.794,56"
26/08/2022,Impuesto Débitos y Créditos/DB,IMPUESTOS DEBITOS,5,"624,79",,"-21.086.083,87"
26/08/2022,Crédito por Transferencia,TRANSFERENCIA,12,,"3.100.000,00","-21.085.459,08"
26/08/2022,Trf. Masivas Pago Proveedores,TRANSFERENCIA,12,"20.000,00",,"-24.185.459,08"
26/08/2022,Impuesto Débitos y Créditos/DB,IMPUESTOS DEBITOS,5,"120,00",,"-24.165.459,08"
26/08/2022,Trf. Masivas Pago Proveedores,TRANSFERENCIA,12,"40.000,00",,"-24.165.339,08"
26/08/2022,Impuesto Débitos y Créditos/DB,IMPUESTOS DEBITOS,5,"240,00",,"-24.125.339,08"
26/08/2022,Trf. Masivas Pago Proveedores,TRANSFERENCIA,12,"15.000,00",,"-24.125.099,08"
26/08/2022,Impuesto Débitos y Créditos/DB,IMPUESTOS DEBITOS,5,"90,00",,"-24.110.099,08"
26/08/2022,Trf. Masivas Pago Proveedores,TRANSFERENCIA,12,"40.000,00",,"-24.110.009,08"
26/08/2022,Impuesto Débitos y Créditos/DB,IMPUESTOS DEBITOS,5,"240,00",,"-24.070.009,08"
26/08/2022,Trf. Masivas Pago Proveedores,TRANSFERENCIA,12,"15.000,00",,"-24.069.769,08"
26/08/2022,Impuesto Débitos y Créditos/DB,IMPUESTOS DEBITOS,5,"90,00",,"-24.054.769,08"
26/08/2022,Trf. Masivas Pago Proveedores,TRANSFERENCIA,12,"15.000,00",,"-24.054.679,08"
26/08/2022,Impuesto Débitos y Créditos/DB,IMPUESTOS DEBITOS,5,"90,00",,"-24.039.679,08"
26/08/2022,Trf. Masivas Pago Proveedores,TRANSFERENCIA,12,"15.000,00",,"-24.039.589,08"
26/08/2022,Impuesto Débitos y Créditos/DB,IMPUESTOS DEBITOS,5,"90,00",,"-24.024.589,08"
26/08/2022,Trf. Masivas Pago Proveedores,TRANSFERENCIA,12,"15.000,00",,"-24.024.499,08"
26/08/2022,Impuesto Débitos y Créditos/DB,IMPUESTOS DEBITOS,5,"90,00",,"-24.009.499,08"
26/08/2022,Trf. Masivas Pago Proveedores,TRANSFERENCIA,12,"194.483,50",,"-24.009.409,08"
26/08/2022,Impuesto Débitos y Créditos/DB,IMPUESTOS DEBITOS,5,"1.166,90",,"-23.814.925,58"
26/08/2022,Trf. Masivas Pago Proveedores,TRANSFERENCIA,12,"204.486,54",,"-23.813.758,68"
26/08/2022,Impuesto Débitos y Créditos/DB,IMPUESTOS DEBITOS,5,"1.226,92",,"-23.609.272,14"
26/08/2022,Trf. Masivas Pago Proveedores,TRANSFERENCIA,12,"308.985,60",,"-23.608.045,22"
26/08/2022,Impuesto Débitos y Créditos/DB,IMPUESTOS DEBITOS,5,"1.853,91",,"-23.299.059,62"
26/08/2022,Trf. Masivas Pago Proveedores,TRANSFERENCIA,12,"142.347,24",,"-23.297.205,71"
26/08/2022,Impuesto Débitos y Créditos/DB,IMPUESTOS DEBITOS,5,"854,08",,"-23.154.858,47"
26/08/2022,Trf. Masivas Pago Proveedores,TRANSFERENCIA,12,"104.030,56",,"-23.154.004,39"
26/08/2022,Impuesto Débitos y Créditos/DB,IMPUESTOS DEBITOS,5,"624,18",,"-23.049.973,83"
26/08/2022,Trf. Masivas Pago Proveedores,TRANSFERENCIA,12,"93.842,00",,"-23.049.349,65"
26/08/2022,Impuesto Débitos y Créditos/DB,IMPUESTOS DEBITOS,5,"563,05",,"-22.955.507,65"
26/08/2022,Préstamos Inversion Productiva,OPERACIONES FINANCIERAS,8,,"4.455.000,00","-22.954.944,60"
26/08/2022,CRED BCA ELECTR INTERBANC EXEN,TRANSFERENCIA,12,,"1.090.000,00","-27.409.944,60"
26/08/2022,Descto. Docum.- Acreditación,OPERACIONES FINANCIERAS,8,,"7.051.303,94","-28.499.944,60"
26/08/2022,IIBB- Acreditaciones Bancarias,IIBB,3,"126.923,47",,"-35.551.248,54"
26/08/2022,Descto. Docum.- Acreditación,OPERACIONES FINANCIERAS,8,,"1.533.491,22","-35.424.325,07"
26/08/2022,IIBB- Acreditaciones Bancarias,IIBB,3,"27.602,84",,"-36.957.816,29"
26/08/2022,Impuesto Débitos y Créditos/DB,IMPUESTOS DEBITOS,5,"0,25",,"-36.930.213,45"
26/08/2022,SIPAP - Pago Cheque de Cámara,CHEQUE,1,"336.300,00",,"-36.930.213,20"
26/08/2022,Impuesto Débitos y Créditos/DB,IMPUESTOS DEBITOS,5,"2.017,80",,"-36.593.913,20"
26/08/2022,SIPAP - Pago Cheque de Cámara,CHEQUE,1,"785.697,18",,"-36.591.895,40"
26/08/2022,Impuesto Débitos y Créditos/DB,IMPUESTOS DEBITOS,5,"4.714,18",,"-35.806.198,22"
26/08/2022,SIPAP - Pago Cheque de Cámara,CHEQUE,1,"78.231,77",,"-35.801.484,04"
26/08/2022,Impuesto Débitos y Créditos/DB,IMPUESTOS DEBITOS,5,"469,39",,"-35.723.252,27"
26/08/2022,SIPAP - Pago Cheque de Cámara,CHEQUE,1,"105.357,86",,"-35.722.782,88"
26/08/2022,Impuesto Débitos y Créditos/DB,IMPUESTOS DEBITOS,5,"632,15",,"-35.617.425,02"
26/08/2022,SIPAP - Pago Cheque de Cámara,CHEQUE,1,"153.522,11",,"-35.616.792,87"
26/08/2022,Impuesto Débitos y Créditos/DB,IMPUESTOS DEBITOS,5,"921,13",,"-35.463.270,76"
26/08/2022,SIPAP - Pago Cheque de Cámara,CHEQUE,1,"525.527,61",,"-35.462.349,63"
26/08/2022,Impuesto Débitos y Créditos/DB,IMPUESTOS DEBITOS,5,"3.153,17",,"-34.936.822,02"
26/08/2022,Pago Cheque de Cámara Recibida,CHEQUE,1,"2.000.000,00",,"-34.933.668,85"
26/08/2022,Impuesto Débitos y Créditos/DB,IMPUESTOS DEBITOS,5,"12.000,00",,"-32.933.668,85"
26/08/2022,Pago Cheque de Cámara Recibida,CHEQUE,1,"2.000.000,00",,"-32.921.668,85"
26/08/2022,Impuesto Débitos y Créditos/DB,IMPUESTOS DEBITOS,5,"12.000,00",,"-30.921.668,85"
26/08/2022,Pago Cheque de Cámara Recibida,CHEQUE,1,"2.400.000,00",,"-30.909.668,85"
26/08/2022,Impuesto Débitos y Créditos/DB,IMPUESTOS DEBITOS,5,"14.400,00",,"-28.509.668,85"
26/08/2022,Pago Cheque de Cámara Recibida,CHEQUE,1,"1.500.000,00",,"-28.495.268,85"
26/08/2022,Impuesto Débitos y Créditos/DB,IMPUESTOS DEBITOS,5,"9.000,00",,"-26.995.268,85"
26/08/2022,Pago Cheque de Cámara Recibida,CHEQUE,1,"480.172,75",,"-26.986.268,85"
26/08/2022,Impuesto Débitos y Créditos/DB,IMPUESTOS DEBITOS,5,"2.881,04",,"-26.506.096,10"
26/08/2022,Pago Cheque de Cámara Recibida,CHEQUE,1,"607.746,08",,"-26.503.215,06"
26/08/2022,Impuesto Débitos y Créditos/DB,IMPUESTOS DEBITOS,5,"3.646,48",,"-25.895.468,98"
26/08/2022,Pago Cheque de Cámara Recibida,CHEQUE,1,"825.090,57",,"-25.891.822,50"
26/08/2022,Impuesto Débitos y Créditos/DB,IMPUESTOS DEBITOS,5,"4.950,54",,"-25.066.731,93"
26/08/2022,Pago Cheque de Cámara Recibida,CHEQUE,1,"305.783,40",,"-25.061.781,39"
26/08/2022,Impuesto Débitos y Créditos/DB,IMPUESTOS DEBITOS,5,"1.834,70",,"-24.755.997,99"
26/08/2022,Pago Cheque de Cámara Recibida,CHEQUE,1,"203.275,00",,"-24.754.163,29"
26/08/2022,Impuesto Débitos y Créditos/DB,IMPUESTOS DEBITOS,5,"1.219,65",,"-24.550.888,29"
26/08/2022,Pago Cheque de Cámara Recibida,CHEQUE,1,"380.291,00",,"-24.549.668,64"
26/08/2022,Impuesto Débitos y Créditos/DB,IMPUESTOS DEBITOS,5,"2.281,75",,"-24.169.377,64"
26/08/2022,Pago Cheque de Cámara Recibida,CHEQUE,1,"1.383.963,29",,"-24.167.095,89"
26/08/2022,Impuesto Débitos y Créditos/DB,IMPUESTOS DEBITOS,5,"8.303,78",,"-22.783.132,60"
26/08/2022,SIPAP - Pago Cheque de Cámara,CHEQUE,1,"298.363,50",,"-22.774.828,82"
26/08/2022,Impuesto Débitos y Créditos/DB,IMPUESTOS DEBITOS,5,"1.790,18",,"-22.476.465,32"
26/08/2022,SIPAP - Pago Cheque de Cámara,CHEQUE,1,"14.507,00",,"-22.474.675,14"
26/08/2022,Impuesto Débitos y Créditos/DB,IMPUESTOS DEBITOS,5,"87,04",,"-22.460.168,14"
26/08/2022,SIPAP - Pago Cheque de Cámara,CHEQUE,1,"14.371,48",,"-22.460.081,10"
26/08/2022,Impuesto Débitos y Créditos/DB,IMPUESTOS DEBITOS,5,"86,23",,"-22.445.709,62"
26/08/2022,SIPAP - Pago Cheque de Cámara,CHEQUE,1,"140.161,20",,"-22.445.623,39"
26/08/2022,Impuesto Débitos y Créditos/DB,IMPUESTOS DEBITOS,5,"840,97",,"-22.305.462,19"
26/08/2022,SIPAP - Pago Cheque de Cámara,CHEQUE,1,"131.420,60",,"-22.304.621,22"
26/08/2022,Impuesto Débitos y Créditos/DB,IMPUESTOS DEBITOS,5,"788,52",,"-22.173.200,62"
26/08/2022,Pago Cheque de Cámara Recibida,CHEQUE,1,"2.000.000,00",,"-22.172.412,10"
26/08/2022,Impuesto Débitos y Créditos/DB,IMPUESTOS DEBITOS,5,"12.000,00",,"-20.172.412,10"
26/08/2022,SIPAP - Pago Cámara SPV 24 hs.,CHEQUE,1,"87.683,46",,"-20.160.412,10"
26/08/2022,Impuesto Débitos y Créditos/DB,IMPUESTOS DEBITOS,5,"526,10",,"-20.072.728,64"
25/08/2022,Comisión Consulta Cámara,COMISIONES,2,"35,00",,"-20.072.202,54"
25/08/2022,IVA,IVA,7,"7,35",,"-20.072.167,54"
25/08/2022,DEB BCA ELECTRONICA INTERBANC,TRANSFERENCIA,12,"666.200,80",,"-20.072.160,19"
25/08/2022,Impuesto Débitos y Créditos/DB,IMPUESTOS DEBITOS,5,"3.997,20",,"-19.405.959,39"
25/08/2022,CRED BCA ELECTR INTERBANC EXEN,TRANSFERENCIA,12,,"1.900.000,00","-19.401.962,19"
25/08/2022,Credito DEBIN,TRANSFERENCIA,12,,"1.417.000,00","-21.301.962,19"
25/08/2022,CRED BCA ELECTR INTERBANC EXEN,TRANSFERENCIA,12,,"1.970.000,00","-22.718.962,19"
25/08/2022,CRED BCA ELECTR INTERBANC EXEN,TRANSFERENCIA,12,,"1.090.000,00","-24.688.962,19"
25/08/2022,CRED BCA ELECTRONICA INTERBANC,TRANSFERENCIA,12,,"6.788.898,71","-25.778.962,19"
25/08/2022,IIBB- Acreditaciones Bancarias,IIBB,3,"122.200,18",,"-32.567.860,90"
25/08/2022,Impuesto Débitos y Créditos/CR,IMPUESTOS CREDITOS,4,"40.733,39",,"-32.445.660,72"
25/08/2022,Impuesto Débitos y Créditos/DB,IMPUESTOS DEBITOS,5,"733,20",,"-32.404.927,33"
25/08/2022,SIPAP - Pago Cheque de Cámara,CHEQUE,1,"360.898,33",,"-32.404.194,13"
25/08/2022,Impuesto Débitos y Créditos/DB,IMPUESTOS DEBITOS,5,"2.165,39",,"-32.043.295,80"
25/08/2022,SIPAP - Pago Cheque de Cámara,CHEQUE,1,"195.539,72",,"-32.041.130,41"
25/08/2022,Impuesto Débitos y Créditos/DB,IMPUESTOS DEBITOS,5,"1.173,24",,"-31.845.590,69"
25/08/2022,SIPAP - Pago Cheque de Cámara,CHEQUE,1,"131.290,28",,"-31.844.417,45"
25/08/2022,Impuesto Débitos y Créditos/DB,IMPUESTOS DEBITOS,5,"787,74",,"-31.713.127,17"
25/08/2022,SIPAP - Pago Cheque de Cámara,CHEQUE,1,"136.243,50",,"-31.712.339,43"
25/08/2022,Impuesto Débitos y Créditos/DB,IMPUESTOS DEBITOS,5,"817,46",,"-31.576.095,93"
25/08/2022,SIPAP - Pago Cheque de Cámara,CHEQUE,1,"276.564,25",,"-31.575.278,47"
25/08/2022,Impuesto Débitos y Créditos/DB,IMPUESTOS DEBITOS,5,"1.659,39",,"-31.298.714,22"
25/08/2022,SIPAP - Pago Cheque de Cámara,CHEQUE,1,"259.790,38",,"-31.297.054,83"
25/08/2022,Impuesto Débitos y Créditos/DB,IMPUESTOS DEBITOS,5,"1.558,74",,"-31.037.264,45"
25/08/2022,SIPAP - Pago Cheque de Cámara,CHEQUE,1,"1.300.428,49",,"-31.035.705,71"
25/08/2022,Impuesto Débitos y Créditos/DB,IMPUESTOS DEBITOS,5,"7.802,57",,"-29.735.277,22"
25/08/2022,SIPAP - Pago Cheque de Cámara,CHEQUE,1,"28.680,00",,"-29.727.474,65"
25/08/2022,Impuesto Débitos y Créditos/DB,IMPUESTOS DEBITOS,5,"172,08",,"-29.698.794,65"
25/08/2022,SIPAP - Pago Cheque de Cámara,CHEQUE,1,"41.591,74",,"-29.698.622,57"
25/08/2022,Impuesto Débitos y Créditos/DB,IMPUESTOS DEBITOS,5,"249,55",,"-29.657.030,83"
25/08/2022,SIPAP - Pago Cheque de Cámara,CHEQUE,1,"431.296,24",,"-29.656.781,28"
25/08/2022,Impuesto Débitos y Créditos/DB,IMPUESTOS DEBITOS,5,"2.587,78",,"-29.225.485,04"
25/08/2022,SIPAP - Pago Cheque de Cámara,CHEQUE,1,"19.417,16",,"-29.222.897,26"
25/08/2022,Impuesto Débitos y Créditos/DB,IMPUESTOS DEBITOS,5,"116,50",,"-29.203.480,10"
25/08/2022,SIPAP - Pago Cheque de Cámara,CHEQUE,1,"136.797,77",,"-29.203.363,60"
25/08/2022,Impuesto Débitos y Créditos/DB,IMPUESTOS DEBITOS,5,"820,79",,"-29.066.565,83"
25/08/2022,SIPAP - Pago Cheque de Cámara,CHEQUE,1,"112.130,93",,"-29.065.745,04"
25/08/2022,Impuesto Débitos y Créditos/DB,IMPUESTOS DEBITOS,5,"672,79",,"-28.953.614,11"
25/08/2022,SIPAP - Pago Cheque de Cámara,CHEQUE,1,"109.938,29",,"-28.952.941,32"
25/08/2022,Impuesto Débitos y Créditos/DB,IMPUESTOS DEBITOS,5,"659,63",,"-28.843.003,03"
25/08/2022,SIPAP - Pago Cheque de Cámara,CHEQUE,1,"98.854,80",,"-28.842.343,40"
25/08/2022,Impuesto Débitos y Créditos/DB,IMPUESTOS DEBITOS,5,"593,13",,"-28.743.488,60"
25/08/2022,SIPAP - Pago Cheque de Cámara,CHEQUE,1,"264.064,50",,"-28.742.895,47"
25/08/2022,Impuesto Débitos y Créditos/DB,IMPUESTOS DEBITOS,5,"1.584,39",,"-28.478.830,97"
25/08/2022,SIPAP - Pago Cheque de Cámara,CHEQUE,1,"71.154,80",,"-28.477.246,58"
25/08/2022,Impuesto Débitos y Créditos/DB,IMPUESTOS DEBITOS,5,"426,93",,"-28.406.091,78"
25/08/2022,SIPAP - Pago Cheque de Cámara,CHEQUE,1,"16.729,24",,"-28.405.664,85"
25/08/2022,Impuesto Débitos y Créditos/DB,IMPUESTOS DEBITOS,5,"100,38",,"-28.388.935,61"
25/08/2022,SIPAP - Pago Cheque de Cámara,CHEQUE,1,"69.186,55",,"-28.388.835,23"
25/08/2022,Impuesto Débitos y Créditos/DB,IMPUESTOS DEBITOS,5,"415,12",,"-28.319.648,68"
25/08/2022,Pago Cheque de Cámara Recibida,CHEQUE,1,"454.754,70",,"-28.319.233,56"
25/08/2022,Impuesto Débitos y Créditos/DB,IMPUESTOS DEBITOS,5,"2.728,53",,"-27.864.478,86"
25/08/2022,Pago Cheque de Cámara Recibida,CHEQUE,1,"380.291,00",,"-27.861.750,33"
25/08/2022,Impuesto Débitos y Créditos/DB,IMPUESTOS DEBITOS,5,"2.281,75",,"-27.481.459,33"
25/08/2022,Pago Cheque de Cámara Recibida,CHEQUE,1,"2.200.000,00",,"-27.479.177,58"
25/08/2022,Impuesto Débitos y Créditos/DB,IMPUESTOS DEBITOS,5,"13.200,00",,"-25.279.177,58"
25/08/2022,Pago Cheque de Cámara Recibida,CHEQUE,1,"1.500.000,00",,"-25.265.977,58"
25/08/2022,Impuesto Débitos y Créditos/DB,IMPUESTOS DEBITOS,5,"9.000,00",,"-23.765.977,58"
25/08/2022,Pago Cheque de Cámara Recibida,CHEQUE,1,"1.555.484,44",,"-23.756.977,58"
25/08/2022,Impuesto Débitos y Créditos/DB,IMPUESTOS DEBITOS,5,"9.332,91",,"-22.201.493,14"
25/08/2022,Pago Cheque de Cámara Recibida,CHEQUE,1,"2.000.000,00",,"-22.192.160,23"
25/08/2022,Impuesto Débitos y Créditos/DB,IMPUESTOS DEBITOS,5,"12.000,00",,"-20.192.160,23"
25/08/2022,Pago Cheque de Cámara Recibida,CHEQUE,1,"2.000.000,00",,"-20.180.160,23"
25/08/2022,Impuesto Débitos y Créditos/DB,IMPUESTOS DEBITOS,5,"12.000,00",,"-18.180.160,23"
25/08/2022,SIPAP - Pago Cámara SPV 24 hs.,CHEQUE,1,"88.893,00",,"-18.168.160,23"
25/08/2022,Impuesto Débitos y Créditos/DB,IMPUESTOS DEBITOS,5,"533,36",,"-18.079.267,23"
25/08/2022,SIPAP - Pago Cámara SPV 24 hs.,CHEQUE,1,"17.951,62",,"-18.078.733,87"
25/08/2022,Impuesto Débitos y Créditos/DB,IMPUESTOS DEBITOS,5,"107,71",,"-18.060.782,25"
25/08/2022,SIPAP - Pago Cámara SPV 24 hs.,CHEQUE,1,"243.416,97",,"-18.060.674,54"
25/08/2022,Impuesto Débitos y Créditos/DB,IMPUESTOS DEBITOS,5,"1.460,50",,"-17.817.257,57"
24/08/2022,Impuesto Débitos y Créditos/DB,IMPUESTOS DEBITOS,5,"7.064,58",,"-17.815.797,07"
24/08/2022,Impuesto Débitos y Créditos/DB,IMPUESTOS DEBITOS,5,"0,21",,"-17.808.732,49"
24/08/2022,Impuesto Débitos y Créditos/DB,IMPUESTOS DEBITOS,5,"0,04",,"-17.808.732,28"
24/08/2022,Comisión Consulta Cámara,COMISIONES,2,"35,00",,"-17.808.732,24"
24/08/2022,IVA,IVA,7,"7,35",,"-17.808.697,24"
24/08/2022,Debito Transf. HomeBanking,TRANSFERENCIA,12,"30.000,00",,"-17.808.689,89"
24/08/2022,Impuesto Débitos y Créditos/DB,IMPUESTOS DEBITOS,5,"180,00",,"-17.778.689,89"
24/08/2022,Transferencia por CBU,TRANSFERENCIA,12,"150.000,00",,"-17.778.509,89"
24/08/2022,Pago de Servicios,TRANSFERENCIA,12,"1.177.429,90",,"-17.628.509,89"
24/08/2022,Trf. Masivas Pago Proveedores,TRANSFERENCIA,12,"98.584,83",,"-16.451.079,99"
24/08/2022,Impuesto Débitos y Créditos/DB,IMPUESTOS DEBITOS,5,"591,51",,"-16.352.495,16"
24/08/2022,Trf. Masivas Pago Proveedores,TRANSFERENCIA,12,"202.168,18",,"-16.351.903,65"
24/08/2022,Impuesto Débitos y Créditos/DB,IMPUESTOS DEBITOS,5,"1.213,01",,"-16.149.735,47"
24/08/2022,Trf. Masivas Pago Proveedores,TRANSFERENCIA,12,"73.445,54",,"-16.148.522,46"
24/08/2022,Impuesto Débitos y Créditos/DB,IMPUESTOS DEBITOS,5,"440,67",,"-16.075.076,92"
24/08/2022,Trf. Masivas Pago Proveedores,TRANSFERENCIA,12,"70.608,93",,"-16.074.636,25"
24/08/2022,Impuesto Débitos y Créditos/DB,IMPUESTOS DEBITOS,5,"423,65",,"-16.004.027,32"
24/08/2022,Trf. Masivas Pago Proveedores,TRANSFERENCIA,12,"108.178,10",,"-16.003.603,67"
24/08/2022,Impuesto Débitos y Créditos/DB,IMPUESTOS DEBITOS,5,"649,07",,"-15.895.425,57"
24/08/2022,Trf. Masivas Pago Proveedores,TRANSFERENCIA,12,"15.200,03",,"-15.894.776,50"
24/08/2022,Impuesto Débitos y Créditos/DB,IMPUESTOS DEBITOS,5,"91,20",,"-15.879.576,47"
24/08/2022,Trf. Masivas Pago Proveedores,TRANSFERENCIA,12,"58.016,62",,"-15.879.485,27"
24/08/2022,Impuesto Débitos y Créditos/DB,IMPUESTOS DEBITOS,5,"348,10",,"-15.821.468,65"
24/08/2022,Trf. Masivas Pago Proveedores,TRANSFERENCIA,12,"204.487,44",,"-15.821.120,55"
24/08/2022,Impuesto Débitos y Créditos/DB,IMPUESTOS DEBITOS,5,"1.226,92",,"-15.616.633,11"
24/08/2022,Trf. Masivas Pago Proveedores,TRANSFERENCIA,12,"135.236,90",,"-15.615.406,19"
24/08/2022,Impuesto Débitos y Créditos/DB,IMPUESTOS DEBITOS,5,"811,42",,"-15.480.169,29"
24/08/2022,Trf. Masivas Pago Proveedores,TRANSFERENCIA,12,"85.549,28",,"-15.479.357,87"
24/08/2022,Impuesto Débitos y Créditos/DB,IMPUESTOS DEBITOS,5,"513,30",,"-15.393.808,59"
24/08/2022,Trf. Masivas Pago Proveedores,TRANSFERENCIA,12,"59.460,00",,"-15.393.295,29"
24/08/2022,Impuesto Débitos y Créditos/DB,IMPUESTOS DEBITOS,5,"356,76",,"-15.333.835,29"
24/08/2022,Trf. Masivas Pago Proveedores,TRANSFERENCIA,12,"46.895,85",,"-15.333.478,53"
24/08/2022,Impuesto Débitos y Créditos/DB,IMPUESTOS DEBITOS,5,"281,38",,"-15.286.582,68"
24/08/2022,Trf. Masivas Pago Proveedores,TRANSFERENCIA,12,"106.835,77",,"-15.286.301,30"
24/08/2022,Impuesto Débitos y Créditos/DB,IMPUESTOS DEBITOS,5,"641,01",,"-15.179.465,53"
24/08/2022,Trf. Masivas Pago Proveedores,TRANSFERENCIA,12,"29.400,02",,"-15.178.824,52"
24/08/2022,Impuesto Débitos y Créditos/DB,IMPUESTOS DEBITOS,5,"176,40",,"-15.149.424,50"
24/08/2022,Trf. Masivas Pago Proveedores,TRANSFERENCIA,12,"222.321,75",,"-15.149.248,10"
24/08/2022,Impuesto Débitos y Créditos/DB,IMPUESTOS DEBITOS,5,"1.333,93",,"-14.926.926,35"
24/08/2022,Trf. Masivas Pago Proveedores,TRANSFERENCIA,12,"75.894,36",,"-14.925.592,42"
24/08/2022,Impuesto Débitos y Créditos/DB,IMPUESTOS DEBITOS,5,"455,37",,"-14.849.698,06"
24/08/2022,Trf. Masivas Pago Proveedores,TRANSFERENCIA,12,"130.354,63",,"-14.849.242,69"
24/08/2022,Impuesto Débitos y Créditos/DB,IMPUESTOS DEBITOS,5,"782,13",,"-14.718.888,06"
24/08/2022,Trf. Masivas Pago Proveedores,TRANSFERENCIA,12,"83.524,42",,"-14.718.105,93"
24/08/2022,Impuesto Débitos y Créditos/DB,IMPUESTOS DEBITOS,5,"501,15",,"-14.634.581,51"
24/08/2022,Trf. Masivas Pago Proveedores,TRANSFERENCIA,12,"66.586,10",,"-14.634.080,36"
24/08/2022,Impuesto Débitos y Créditos/DB,IMPUESTOS DEBITOS,5,"399,52",,"-14.567.494,26"
24/08/2022,Trf. Masivas Pago Proveedores,TRANSFERENCIA,12,"11.618,45",,"-14.567.094,74"
24/08/2022,Impuesto Débitos y Créditos/DB,IMPUESTOS DEBITOS,5,"69,71",,"-14.555.476,29"
24/08/2022,Trf. Masivas Pago Proveedores,TRANSFERENCIA,12,"102.168,31",,"-14.555.406,58"
24/08/2022,Impuesto Débitos y Créditos/DB,IMPUESTOS DEBITOS,5,"613,01",,"-14.453.238,27"
24/08/2022,Trf. Masivas Pago Proveedores,TRANSFERENCIA,12,"82.173,00",,"-14.452.625,26"
24/08/2022,Impuesto Débitos y Créditos/DB,IMPUESTOS DEBITOS,5,"493,04",,"-14.370.452,26"
24/08/2022,Trf. Masivas Pago Proveedores,TRANSFERENCIA,12,"58.220,00",,"-14.369.959,22"
24/08/2022,Impuesto Débitos y Créditos/DB,IMPUESTOS DEBITOS,5,"349,32",,"-14.311.739,22"
24/08/2022,Trf. Masivas Pago Proveedores,TRANSFERENCIA,12,"144.643,14",,"-14.311.389,90"
24/08/2022,Impuesto Débitos y Créditos/DB,IMPUESTOS DEBITOS,5,"867,86",,"-14.166.746,76"
24/08/2022,Trf. Masivas Pago Proveedores,TRANSFERENCIA,12,"80.714,12",,"-14.165.878,90"
24/08/2022,Impuesto Débitos y Créditos/DB,IMPUESTOS DEBITOS,5,"484,28",,"-14.085.164,78"
24/08/2022,Trf. Masivas Pago Proveedores,TRANSFERENCIA,12,"82.568,13",,"-14.084.680,50"
24/08/2022,Impuesto Débitos y Créditos/DB,IMPUESTOS DEBITOS,5,"495,41",,"-14.002.112,37"
24/08/2022,Trf. Masivas Pago Proveedores,TRANSFERENCIA,12,"99.679,12",,"-14.001.616,96"
24/08/2022,Impuesto Débitos y Créditos/DB,IMPUESTOS DEBITOS,5,"598,07",,"-13.901.937,84"
24/08/2022,Trf. Masivas Pago Proveedores,TRANSFERENCIA,12,"15.264,00",,"-13.901.339,77"
24/08/2022,Impuesto Débitos y Créditos/DB,IMPUESTOS DEBITOS,5,"91,58",,"-13.886.075,77"
24/08/2022,Trf. Masivas Pago Proveedores,TRANSFERENCIA,12,"74.920,50",,"-13.885.984,19"
24/08/2022,Impuesto Débitos y Créditos/DB,IMPUESTOS DEBITOS,5,"449,52",,"-13.811.063,69"
24/08/2022,Trf. Masivas Pago Proveedores,TRANSFERENCIA,12,"245.833,22",,"-13.810.614,17"
24/08/2022,Impuesto Débitos y Créditos/DB,IMPUESTOS DEBITOS,5,"1.475,00",,"-13.564.780,95"
24/08/2022,Trf. Masivas Pago Proveedores,TRANSFERENCIA,12,"44.649,10",,"-13.563.305,95"
24/08/2022,Impuesto Débitos y Créditos/DB,IMPUESTOS DEBITOS,5,"267,89",,"-13.518.656,85"
24/08/2022,CRED BCA ELECTR INTERBANC EXEN,TRANSFERENCIA,12,,"6.000.000,00","-13.518.388,96"
24/08/2022,CRED BCA ELECTR INTERBANC EXEN,TRANSFERENCIA,12,,"2.600.000,00","-19.518.388,96"
24/08/2022,SIPAP - Pago Cheque de Cámara,CHEQUE,1,"60.531,61",,"-22.118.388,96"
24/08/2022,Impuesto Débitos y Créditos/DB,IMPUESTOS DEBITOS,5,"363,19",,"-22.057.857,35"
24/08/2022,SIPAP - Pago Cheque de Cámara,CHEQUE,1,"360.020,43",,"-22.057.494,16"
24/08/2022,Impuesto Débitos y Créditos/DB,IMPUESTOS DEBITOS,5,"2.160,12",,"-21.697.473,73"
24/08/2022,SIPAP - Pago Cheque de Cámara,CHEQUE,1,"77.832,48",,"-21.695.313,61"
24/08/2022,Impuesto Débitos y Créditos/DB,IMPUESTOS DEBITOS,5,"466,99",,"-21.617.481,13"
24/08/2022,SIPAP - Pago Cheque de Cámara,CHEQUE,1,"323.296,41",,"-21.617.014,14"
24/08/2022,Impuesto Débitos y Créditos/DB,IMPUESTOS DEBITOS,5,"1.939,78",,"-21.293.717,73"
24/08/2022,SIPAP - Pago Cheque de Cámara,CHEQUE,1,"153.255,04",,"-21.291.777,95"
24/08/2022,Impuesto Débitos y Créditos/DB,IMPUESTOS DEBITOS,5,"919,53",,"-21.138.522,91"
24/08/2022,SIPAP - Pago Cheque de Cámara,CHEQUE,1,"23.052,00",,"-21.137.603,38"
24/08/2022,Impuesto Débitos y Créditos/DB,IMPUESTOS DEBITOS,5,"138,31",,"-21.114.551,38"
24/08/2022,SIPAP - Pago Cheque de Cámara,CHEQUE,1,"88.661,87",,"-21.114.413,07"
24/08/2022,Impuesto Débitos y Créditos/DB,IMPUESTOS DEBITOS,5,"531,97",,"-21.025.751,20"
24/08/2022,SIPAP - Pago Cheque de Cámara,CHEQUE,1,"67.000,64",,"-21.025.219,23"
24/08/2022,Impuesto Débitos y Créditos/DB,IMPUESTOS DEBITOS,5,"402,00",,"-20.958.218,59"
24/08/2022,SIPAP - Pago Cheque de Cámara,CHEQUE,1,"1.408.967,74",,"-20.957.816,59"
24/08/2022,Impuesto Débitos y Créditos/DB,IMPUESTOS DEBITOS,5,"8.453,81",,"-19.548.848,85"
24/08/2022,SIPAP - Pago Cheque de Cámara,CHEQUE,1,"90.797,41",,"-19.540.395,04"
24/08/2022,Impuesto Débitos y Créditos/DB,IMPUESTOS DEBITOS,5,"544,78",,"-19.449.597,63"
24/08/2022,SIPAP - Pago Cheque de Cámara,CHEQUE,1,"55.502,94",,"-19.449.052,85"
24/08/2022,Impuesto Débitos y Créditos/DB,IMPUESTOS DEBITOS,5,"333,02",,"-19.393.549,91"
24/08/2022,SIPAP - Pago Cheque de Cámara,CHEQUE,1,"21.622,39",,"-19.393.216,89"
24/08/2022,Impuesto Débitos y Créditos/DB,IMPUESTOS DEBITOS,5,"129,73",,"-19.371.594,50"
24/08/2022,SIPAP - Pago Cheque de Cámara,CHEQUE,1,"13.079,00",,"-19.371.464,77"
24/08/2022,Impuesto Débitos y Créditos/DB,IMPUESTOS DEBITOS,5,"78,47",,"-19.358.385,77"
24/08/2022,SIPAP - Pago Cheque de Cámara,CHEQUE,1,"93.730,50",,"-19.358.307,30"
24/08/2022,Impuesto Débitos y Créditos/DB,IMPUESTOS DEBITOS,5,"562,38",,"-19.264.576,80"
24/08/2022,SIPAP - Pago Cheque de Cámara,CHEQUE,1,"64.499,06",,"-19.264.014,42"
24/08/2022,Impuesto Débitos y Créditos/DB,IMPUESTOS DEBITOS,5,"386,99",,"-19.199.515,36"
24/08/2022,Pago Cheque de Cámara Recibida,CHEQUE,1,"2.400.000,00",,"-19.199.128,37"
24/08/2022,Impuesto Débitos y Créditos/DB,IMPUESTOS DEBITOS,5,"14.400,00",,"-16.799.128,37"
24/08/2022,Pago Cheque de Cámara Recibida,CHEQUE,1,"1.500.000,00",,"-16.784.728,37"
24/08/2022,Impuesto Débitos y Créditos/DB,IMPUESTOS DEBITOS,5,"9.000,00",,"-15.284.728,37"
24/08/2022,Pago Cheque de Cámara Recibida,CHEQUE,1,"2.000.000,00",,"-15.275.728,37"
24/08/2022,Impuesto Débitos y Créditos/DB,IMPUESTOS DEBITOS,5,"12.000,00",,"-13.275.728,37"
24/08/2022,Pago Cheque de Cámara Recibida,CHEQUE,1,"16.730,00",,"-13.263.728,37"
24/08/2022,Impuesto Débitos y Créditos/DB,IMPUESTOS DEBITOS,5,"100,38",,"-13.246.998,37"
24/08/2022,Pago Cheque de Cámara Recibida,CHEQUE,1,"380.291,00",,"-13.246.897,99"
24/08/2022,Impuesto Débitos y Créditos/DB,IMPUESTOS DEBITOS,5,"2.281,75",,"-12.866.606,99"
24/08/2022,SIPAP - Pago Cheque de Cámara,CHEQUE,1,"83.254,42",,"-12.864.325,24"
24/08/2022,Impuesto Débitos y Créditos/DB,IMPUESTOS DEBITOS,5,"499,53",,"-12.781.070,82"
24/08/2022,Pago Cheque de Cámara Recibida,CHEQUE,1,"2.000.000,00",,"-12.780.571,29"
24/08/2022,Impuesto Débitos y Créditos/DB,IMPUESTOS DEBITOS,5,"12.000,00",,"-10.780.571,29"
24/08/2022,Pago Cheque de Cámara Recibida,CHEQUE,1,"2.000.000,00",,"-10.768.571,29"
24/08/2022,Impuesto Débitos y Créditos/DB,IMPUESTOS DEBITOS,5,"12.000,00",,"-8.768.571,29"
23/08/2022,Impuesto Débitos y Créditos/DB,IMPUESTOS DEBITOS,5,"0,21",,"-8.756.571,29"
23/08/2022,Impuesto Débitos y Créditos/DB,IMPUESTOS DEBITOS,5,"0,04",,"-8.756.571,08"
23/08/2022,Impuesto Débitos y Créditos/DB,IMPUESTOS DEBITOS,5,"9,00",,"-8.756.571,04"
23/08/2022,Impuesto Débitos y Créditos/DB,IMPUESTOS DEBITOS,5,"2,76",,"-8.756.562,04"
23/08/2022,Impuesto Débitos y Créditos/DB,IMPUESTOS DEBITOS,5,"0,58",,"-8.756.559,28"
23/08/2022,COMIS.TRANSFERENCIAS,COMISIONES,2,"460,00",,"-8.756.558,70"
23/08/2022,IVA,IVA,7,"96,60",,"-8.756.098,70"
23/08/2022,Comisión Consulta Cámara,COMISIONES,2,"35,00",,"-8.756.002,10"
23/08/2022,IVA,IVA,7,"7,35",,"-8.755.967,10"
23/08/2022,Transferencia por CBU,TRANSFERENCIA,12,"1.500.000,00",,"-8.755.959,75"
23/08/2022,Transferencia por CBU,TRANSFERENCIA,12,"2.500.000,00",,"-7.255.959,75"
23/08/2022,Transferencia por CBU,TRANSFERENCIA,12,"2.126.926,81",,"-4.755.959,75"
23/08/2022,Impuesto Débitos y Créditos/DB,IMPUESTOS DEBITOS,5,"12.761,56",,"-2.629.032,94"
23/08/2022,Transferencia por CBU,TRANSFERENCIA,12,"364.358,04",,"-2.616.271,38"
23/08/2022,Impuesto Débitos y Créditos/DB,IMPUESTOS DEBITOS,5,"2.186,15",,"-2.251.913,34"
23/08/2022,Pago de Servicios,TRANSFERENCIA,12,"1.500,00",,"-2.249.727,19"
23/08/2022,Descto. Docum.- Acreditación,OPERACIONES FINANCIERAS,8,,"18.984.202,73","-2.248.227,19"
23/08/2022,IIBB- Acreditaciones Bancarias,IIBB,3,"341.715,65",,"-21.232.429,92"
23/08/2022,Crédito por Transferencia,TRANSFERENCIA,12,,"6.428.100,00","-20.890.714,27"
23/08/2022,IIBB- Acreditaciones Bancarias,IIBB,3,"115.705,80",,"-27.318.814,27"
23/08/2022,Impuesto Débitos y Créditos/CR,IMPUESTOS CREDITOS,4,"38.568,60",,"-27.203.108,47"
23/08/2022,Impuesto Débitos y Créditos/DB,IMPUESTOS DEBITOS,5,"694,23",,"-27.164.539,87"
23/08/2022,SIPAP - Pago Cheque de Cámara,CHEQUE,1,"180.485,54",,"-27.163.845,64"
23/08/2022,Impuesto Débitos y Créditos/DB,IMPUESTOS DEBITOS,5,"1.082,91",,"-26.983.360,10"
23/08/2022,SIPAP - Pago Cheque de Cámara,CHEQUE,1,"136.329,72",,"-26.982.277,19"
23/08/2022,Impuesto Débitos y Créditos/DB,IMPUESTOS DEBITOS,5,"817,98",,"-26.845.947,47"
23/08/2022,SIPAP - Pago Cheque de Cámara,CHEQUE,1,"56.166,86",,"-26.845.129,49"
23/08/2022,Impuesto Débitos y Créditos/DB,IMPUESTOS DEBITOS,5,"337,00",,"-26.788.962,63"
23/08/2022,SIPAP - Pago Cheque de Cámara,CHEQUE,1,"760.521,77",,"-26.788.625,63"
23/08/2022,Impuesto Débitos y Créditos/DB,IMPUESTOS DEBITOS,5,"4.563,13",,"-26.028.103,86"
23/08/2022,SIPAP - Pago Cheque de Cámara,CHEQUE,1,"79.874,14",,"-26.023.540,73"
23/08/2022,Impuesto Débitos y Créditos/DB,IMPUESTOS DEBITOS,5,"479,24",,"-25.943.666,59"
23/08/2022,SIPAP - Pago Cheque de Cámara,CHEQUE,1,"63.229,53",,"-25.943.187,35"
23/08/2022,Impuesto Débitos y Créditos/DB,IMPUESTOS DEBITOS,5,"379,38",,"-25.879.957,82"
23/08/2022,SIPAP - Pago Cheque de Cámara,CHEQUE,1,"179.111,63",,"-25.879.578,44"
23/08/2022,Impuesto Débitos y Créditos/DB,IMPUESTOS DEBITOS,5,"1.074,67",,"-25.700.466,81"
23/08/2022,SIPAP - Pago Cheque de Cámara,CHEQUE,1,"72.904,88",,"-25.699.392,14"
23/08/2022,Impuesto Débitos y Créditos/DB,IMPUESTOS DEBITOS,5,"437,43",,"-25.626.487,26"
23/08/2022,SIPAP - Pago Cheque de Cámara,CHEQUE,1,"240.013,62",,"-25.626.049,83"
23/08/2022,Impuesto Débitos y Créditos/DB,IMPUESTOS DEBITOS,5,"1.440,08",,"-25.386.036,21"
23/08/2022,SIPAP - Pago Cheque de Cámara,CHEQUE,1,"288.384,90",,"-25.384.596,13"
23/08/2022,Impuesto Débitos y Créditos/DB,IMPUESTOS DEBITOS,5,"1.730,31",,"-25.096.211,23"
23/08/2022,SIPAP - Pago Cheque de Cámara,CHEQUE,1,"192.256,60",,"-25.094.480,92"
23/08/2022,Impuesto Débitos y Créditos/DB,IMPUESTOS DEBITOS,5,"1.153,54",,"-24.902.224,32"
23/08/2022,SIPAP - Pago Cheque de Cámara,CHEQUE,1,"111.055,16",,"-24.901.070,78"
23/08/2022,Impuesto Débitos y Créditos/DB,IMPUESTOS DEBITOS,5,"666,33",,"-24.790.015,62"
23/08/2022,SIPAP - Pago Cheque de Cámara,CHEQUE,1,"79.137,98",,"-24.789.349,29"
23/08/2022,Impuesto Débitos y Créditos/DB,IMPUESTOS DEBITOS,5,"474,83",,"-24.710.211,31"
23/08/2022,SIPAP - Pago Cheque de Cámara,CHEQUE,1,"72.089,84",,"-24.709.736,48"
23/08/2022,Impuesto Débitos y Créditos/DB,IMPUESTOS DEBITOS,5,"432,54",,"-24.637.646,64"
23/08/2022,SIPAP - Pago Cheque de Cámara,CHEQUE,1,"58.540,16",,"-24.637.214,10"
23/08/2022,Impuesto Débitos y Créditos/DB,IMPUESTOS DEBITOS,5,"351,24",,"-24.578.673,94"
23/08/2022,SIPAP - Pago Cheque de Cámara,CHEQUE,1,"112.126,34",,"-24.578.322,70"
23/08/2022,Impuesto Débitos y Créditos/DB,IMPUESTOS DEBITOS,5,"672,76",,"-24.466.196,36"
23/08/2022,SIPAP - Pago Cheque de Cámara,CHEQUE,1,"74.750,90",,"-24.465.523,60"
23/08/2022,Impuesto Débitos y Créditos/DB,IMPUESTOS DEBITOS,5,"448,51",,"-24.390.772,70"
23/08/2022,SIPAP - Pago Cheque de Cámara,CHEQUE,1,"69.320,36",,"-24.390.324,19"
23/08/2022,Impuesto Débitos y Créditos/DB,IMPUESTOS DEBITOS,5,"415,92",,"-24.321.003,83"
23/08/2022,SIPAP - Pago Cheque de Cámara,CHEQUE,1,"75.169,69",,"-24.320.587,91"
23/08/2022,Impuesto Débitos y Créditos/DB,IMPUESTOS DEBITOS,5,"451,02",,"-24.245.418,22"
23/08/2022,SIPAP - Pago Cheque de Cámara,CHEQUE,1,"74.110,85",,"-24.244.967,20"
23/08/2022,Impuesto Débitos y Créditos/DB,IMPUESTOS DEBITOS,5,"444,67",,"-24.170.856,35"
23/08/2022,SIPAP - Pago Cheque de Cámara,CHEQUE,1,"26.148,84",,"-24.170.411,68"
23/08/2022,Impuesto Débitos y Créditos/DB,IMPUESTOS DEBITOS,5,"156,89",,"-24.144.262,84"
23/08/2022,SIPAP - Pago Cheque de Cámara,CHEQUE,1,"72.163,94",,"-24.144.105,95"
23/08/2022,Impuesto Débitos y Créditos/DB,IMPUESTOS DEBITOS,5,"432,98",,"-24.071.942,01"
23/08/2022,SIPAP - Pago Cheque de Cámara,CHEQUE,1,"102.430,80",,"-24.071.509,03"
23/08/2022,Impuesto Débitos y Créditos/DB,IMPUESTOS DEBITOS,5,"614,58",,"-23.969.078,23"
23/08/2022,SIPAP - Pago Cheque de Cámara,CHEQUE,1,"101.538,84",,"-23.968.463,65"
23/08/2022,Impuesto Débitos y Créditos/DB,IMPUESTOS DEBITOS,5,"609,23",,"-23.866.924,81"
23/08/2022,SIPAP - Pago Cheque de Cámara,CHEQUE,1,"89.592,54",,"-23.866.315,58"
23/08/2022,Impuesto Débitos y Créditos/DB,IMPUESTOS DEBITOS,5,"537,56",,"-23.776.723,04"
23/08/2022,SIPAP - Pago Cheque de Cámara,CHEQUE,1,"56.124,16",,"-23.776.185,48"
23/08/2022,Impuesto Débitos y Créditos/DB,IMPUESTOS DEBITOS,5,"336,74",,"-23.720.061,32"
23/08/2022,SIPAP - Pago Cheque de Cámara,CHEQUE,1,"24.175,31",,"-23.719.724,58"
23/08/2022,Impuesto Débitos y Créditos/DB,IMPUESTOS DEBITOS,5,"145,05",,"-23.695.549,27"
23/08/2022,Pago Cheque de Cámara Recibida,CHEQUE,1,"153.090,90",,"-23.695.404,22"
23/08/2022,Impuesto Débitos y Créditos/DB,IMPUESTOS DEBITOS,5,"918,55",,"-23.542.313,32"
23/08/2022,Pago Cheque de Cámara Recibida,CHEQUE,1,"182.321,21",,"-23.541.394,77"
23/08/2022,Impuesto Débitos y Créditos/DB,IMPUESTOS DEBITOS,5,"1.093,93",,"-23.359.073,56"
23/08/2022,Pago Cheque de Cámara Recibida,CHEQUE,1,"735.982,46",,"-23.357.979,63"
23/08/2022,Impuesto Débitos y Créditos/DB,IMPUESTOS DEBITOS,5,"4.415,89",,"-22.621.997,17"
23/08/2022,Pago Cheque de Cámara Recibida,CHEQUE,1,"120.526,62",,"-22.617.581,28"
23/08/2022,Impuesto Débitos y Créditos/DB,IMPUESTOS DEBITOS,5,"723,16",,"-22.497.054,66"
23/08/2022,Pago Cheque de Cámara Recibida,CHEQUE,1,"167.755,70",,"-22.496.331,50"
23/08/2022,Impuesto Débitos y Créditos/DB,IMPUESTOS DEBITOS,5,"1.006,53",,"-22.328.575,80"
23/08/2022,Pago Cheque de Cámara Recibida,CHEQUE,1,"167.755,71",,"-22.327.569,27"
23/08/2022,Impuesto Débitos y Créditos/DB,IMPUESTOS DEBITOS,5,"1.006,53",,"-22.159.813,56"
23/08/2022,Pago Cheque de Cámara Recibida,CHEQUE,1,"370.965,60",,"-22.158.807,03"
23/08/2022,Impuesto Débitos y Créditos/DB,IMPUESTOS DEBITOS,5,"2.225,79",,"-21.787.841,43"
23/08/2022,Pago Cheque de Cámara Recibida,CHEQUE,1,"1.594.560,00",,"-21.785.615,64"
23/08/2022,Impuesto Débitos y Créditos/DB,IMPUESTOS DEBITOS,5,"9.567,36",,"-20.191.055,64"
23/08/2022,Pago Cheque de Cámara Recibida,CHEQUE,1,"162.075,02",,"-20.181.488,28"
23/08/2022,Impuesto Débitos y Créditos/DB,IMPUESTOS DEBITOS,5,"972,45",,"-20.019.413,26"
23/08/2022,Pago Cheque de Cámara Recibida,CHEQUE,1,"607.746,08",,"-20.018.440,81"
23/08/2022,Impuesto Débitos y Créditos/DB,IMPUESTOS DEBITOS,5,"3.646,48",,"-19.410.694,73"
23/08/2022,Pago Cheque de Cámara Recibida,CHEQUE,1,"57.783,65",,"-19.407.048,25"
23/08/2022,Impuesto Débitos y Créditos/DB,IMPUESTOS DEBITOS,5,"346,70",,"-19.349.264,60"
23/08/2022,Pago Cheque de Cámara Recibida,CHEQUE,1,"380.291,00",,"-19.348.917,90"
23/08/2022,Impuesto Débitos y Créditos/DB,IMPUESTOS DEBITOS,5,"2.281,75",,"-18.968.626,90"
23/08/2022,SIPAP - Pago Cheque de Cámara,CHEQUE,1,"72.179,40",,"-18.966.345,15"
23/08/2022,Impuesto Débitos y Créditos/DB,IMPUESTOS DEBITOS,5,"433,08",,"-18.894.165,75"
23/08/2022,Pago Cheque de Cámara Recibida,CHEQUE,1,"1.500.000,00",,"-18.893.732,67"
23/08/2022,Impuesto Débitos y Créditos/DB,IMPUESTOS DEBITOS,5,"9.000,00",,"-17.393.732,67"
23/08/2022,Pago Cheque de Cámara Recibida,CHEQUE,1,"102.623,67",,"-17.384.732,67"
23/08/2022,Impuesto Débitos y Créditos/DB,IMPUESTOS DEBITOS,5,"615,74",,"-17.282.109,00"
23/08/2022,Pago Cheque de Cámara Recibida,CHEQUE,1,"308.902,81",,"-17.281.493,26"
23/08/2022,Impuesto Débitos y Créditos/DB,IMPUESTOS DEBITOS,5,"1.853,42",,"-16.972.590,45"
23/08/2022,Pago Cheque de Cámara Recibida,CHEQUE,1,"2.000.000,00",,"-16.970.737,03"
23/08/2022,Impuesto Débitos y Créditos/DB,IMPUESTOS DEBITOS,5,"12.000,00",,"-14.970.737,03"
23/08/2022,Pago Cheque de Cámara Recibida,CHEQUE,1,"2.400.000,00",,"-14.958.737,03"
23/08/2022,Impuesto Débitos y Créditos/DB,IMPUESTOS DEBITOS,5,"14.400,00",,"-12.558.737,03"
23/08/2022,Pago Cheque de Cámara Recibida,CHEQUE,1,"1.000.000,00",,"-12.544.337,03"
23/08/2022,Impuesto Débitos y Créditos/DB,IMPUESTOS DEBITOS,5,"6.000,00",,"-11.544.337,03"
23/08/2022,Pago Cheque de Cámara Recibida,CHEQUE,1,"271.815,26",,"-11.538.337,03"
23/08/2022,Impuesto Débitos y Créditos/DB,IMPUESTOS DEBITOS,5,"1.630,89",,"-11.266.521,77"
23/08/2022,Pago Cheque de Cámara Recibida,CHEQUE,1,"1.500.000,00",,"-11.264.890,88"
23/08/2022,Impuesto Débitos y Créditos/DB,IMPUESTOS DEBITOS,5,"9.000,00",,"-9.764.890,88"
23/08/2022,Pago Cheque de Cámara Recibida,CHEQUE,1,"2.000.000,00",,"-9.755.890,88"
23/08/2022,Impuesto Débitos y Créditos/DB,IMPUESTOS DEBITOS,5,"12.000,00",,"-7.755.890,88"
23/08/2022,Pago Cheque de Cámara Recibida,CHEQUE,1,"705.403,95",,"-7.743.890,88"
23/08/2022,Impuesto Débitos y Créditos/DB,IMPUESTOS DEBITOS,5,"4.232,42",,"-7.038.486,93"
23/08/2022,Pago Cheque de Cámara Recibida,CHEQUE,1,"480.172,75",,"-7.034.254,51"
23/08/2022,Impuesto Débitos y Créditos/DB,IMPUESTOS DEBITOS,5,"2.881,04",,"-6.554.081,76"
23/08/2022,SIPAP - Pago Cámara SPV 24 hs.,CHEQUE,1,"18.749,48",,"-6.551.200,72"
23/08/2022,Impuesto Débitos y Créditos/DB,IMPUESTOS DEBITOS,5,"112,50",,"-6.532.451,24"
23/08/2022,SIPAP - Pago Cámara SPV 24 hs.,CHEQUE,1,"67.807,20",,"-6.532.338,74"
23/08/2022,Impuesto Débitos y Créditos/DB,IMPUESTOS DEBITOS,5,"406,84",,"-6.464.531,54"
23/08/2022,SIPAP - Pago Cámara SPV 24 hs.,CHEQUE,1,"29.980,67",,"-6.464.124,70"
23/08/2022,Impuesto Débitos y Créditos/DB,IMPUESTOS DEBITOS,5,"179,88",,"-6.434.144,03"
23/08/2022,SIPAP - Pago Cámara SPV 24 hs.,CHEQUE,1,"217.833,23",,"-6.433.964,15"
23/08/2022,Impuesto Débitos y Créditos/DB,IMPUESTOS DEBITOS,5,"1.307,00",,"-6.216.130,92"
22/08/2022,Impuesto Débitos y Créditos/DB,IMPUESTOS DEBITOS,5,"2,07",,"-6.214.823,92"
22/08/2022,Impuesto Débitos y Créditos/DB,IMPUESTOS DEBITOS,5,"0,43",,"-6.214.821,85"
22/08/2022,Impuesto Débitos y Créditos/DB,IMPUESTOS DEBITOS,5,"0,21",,"-6.214.821,42"
22/08/2022,Impuesto Débitos y Créditos/DB,IMPUESTOS DEBITOS,5,"0,04",,"-6.214.821,21"
22/08/2022,Impuesto Débitos y Créditos/DB,IMPUESTOS DEBITOS,5,"1,80",,"-6.214.821,17"
22/08/2022,Impuesto Débitos y Créditos/DB,IMPUESTOS DEBITOS,5,"0,38",,"-6.214.819,37"
22/08/2022,COMIS.TRANSFERENCIAS,COMISIONES,2,"345,00",,"-6.214.818,99"
22/08/2022,IVA,IVA,7,"72,45",,"-6.214.473,99"
22/08/2022,Comisión Consulta Cámara,COMISIONES,2,"35,00",,"-6.214.401,54"
22/08/2022,IVA,IVA,7,"7,35",,"-6.214.366,54"
22/08/2022,Comisión Riesgo Contigente,COMISIONES,2,"300,00",,"-6.214.359,19"
22/08/2022,IVA,IVA,7,"63,00",,"-6.214.059,19"
22/08/2022,Acreditación Cheque Dep.48 Hs.,CHEQUE,1,,"50.000,00","-6.213.996,19"
22/08/2022,Impuesto Débitos y Créditos/CR,IMPUESTOS CREDITOS,4,"300,00",,"-6.263.996,19"
22/08/2022,Impuesto Débitos y Créditos/DB,IMPUESTOS DEBITOS,5,"5,40",,"-6.263.696,19"
22/08/2022,IIBB- Acreditaciones Bancarias,IIBB,3,"900,00",,"-6.263.690,79"
22/08/2022,Transferencia por CBU,TRANSFERENCIA,12,"2.000.000,00",,"-6.262.790,79"
22/08/2022,Transferencia por CBU,TRANSFERENCIA,12,"2.291.836,79",,"-4.262.790,79"
22/08/2022,Impuesto Débitos y Créditos/DB,IMPUESTOS DEBITOS,5,"13.751,02",,"-1.970.954,00"
22/08/2022,Debito Transf. HomeBanking,TRANSFERENCIA,12,"1.900.000,00",,"-1.957.202,98"
22/08/2022,Impuesto Débitos y Créditos/DB,IMPUESTOS DEBITOS,5,"11.400,00",,"-57.202,98"
22/08/2022,Transferencia por CBU,TRANSFERENCIA,12,"14.500.000,00",,"-45.802,98"
22/08/2022,CRED BCA ELECTR INTERBANC EXEN,TRANSFERENCIA,12,,"38.500.000,00","14.454.197,02"
22/08/2022,Trf. Masivas Pago Proveedores,TRANSFERENCIA,12,"162.558,00",,"-24.045.802,98"
22/08/2022,Impuesto Débitos y Créditos/DB,IMPUESTOS DEBITOS,5,"975,35",,"-23.883.244,98"
22/08/2022,Pago Cheque de Cámara Recibida,CHEQUE,1,"197.718,72",,"-23.882.269,63"
22/08/2022,Impuesto Débitos y Créditos/DB,IMPUESTOS DEBITOS,5,"1.186,31",,"-23.684.550,91"
22/08/2022,SIPAP - Pago Cheque de Cámara,CHEQUE,1,"86.065,48",,"-23.683.364,60"
22/08/2022,Impuesto Débitos y Créditos/DB,IMPUESTOS DEBITOS,5,"516,39",,"-23.597.299,12"
22/08/2022,SIPAP - Pago Cheque de Cámara,CHEQUE,1,"118.706,98",,"-23.596.782,73"
22/08/2022,Impuesto Débitos y Créditos/DB,IMPUESTOS DEBITOS,5,"712,24",,"-23.478.075,75"
22/08/2022,SIPAP - Pago Cheque de Cámara,CHEQUE,1,"116.321,04",,"-23.477.363,51"
22/08/2022,Impuesto Débitos y Créditos/DB,IMPUESTOS DEBITOS,5,"697,93",,"-23.361.042,47"
22/08/2022,SIPAP - Pago Cheque de Cámara,CHEQUE,1,"25.877,25",,"-23.360.344,54"
22/08/2022,Impuesto Débitos y Créditos/DB,IMPUESTOS DEBITOS,5,"155,26",,"-23.334.467,29"
22/08/2022,Pago Cheque de Cámara Recibida,CHEQUE,1,"1.500.000,00",,"-23.334.312,03"
22/08/2022,Impuesto Débitos y Créditos/DB,IMPUESTOS DEBITOS,5,"9.000,00",,"-21.834.312,03"
22/08/2022,Pago Cheque de Cámara Recibida,CHEQUE,1,"2.000.000,00",,"-21.825.312,03"
22/08/2022,Impuesto Débitos y Créditos/DB,IMPUESTOS DEBITOS,5,"12.000,00",,"-19.825.312,03"
22/08/2022,Pago Cheque de Cámara Recibida,CHEQUE,1,"1.000.000,00",,"-19.813.312,03"
22/08/2022,Impuesto Débitos y Créditos/DB,IMPUESTOS DEBITOS,5,"6.000,00",,"-18.813.312,03"
22/08/2022,Pago Cheque de Cámara Recibida,CHEQUE,1,"149.203,05",,"-18.807.312,03"
22/08/2022,Impuesto Débitos y Créditos/DB,IMPUESTOS DEBITOS,5,"895,22",,"-18.658.108,98"
22/08/2022,Pago Cheque de Cámara Recibida,CHEQUE,1,"2.000.000,00",,"-18.657.213,76"
22/08/2022,Impuesto Débitos y Créditos/DB,IMPUESTOS DEBITOS,5,"12.000,00",,"-16.657.213,76"
22/08/2022,Pago Cheque de Cámara Recibida,CHEQUE,1,"50.490,00",,"-16.645.213,76"
22/08/2022,Impuesto Débitos y Créditos/DB,IMPUESTOS DEBITOS,5,"302,94",,"-16.594.723,76"
22/08/2022,Pago Cheque de Cámara Recibida,CHEQUE,1,"239.927,77",,"-16.594.420,82"
22/08/2022,Impuesto Débitos y Créditos/DB,IMPUESTOS DEBITOS,5,"1.439,57",,"-16.354.493,05"
22/08/2022,Pago Cheque de Cámara Recibida,CHEQUE,1,"182.321,21",,"-16.353.053,48"
22/08/2022,Impuesto Débitos y Créditos/DB,IMPUESTOS DEBITOS,5,"1.093,93",,"-16.170.732,27"
22/08/2022,Pago Cheque de Cámara Recibida,CHEQUE,1,"527.483,52",,"-16.169.638,34"
22/08/2022,Impuesto Débitos y Créditos/DB,IMPUESTOS DEBITOS,5,"3.164,90",,"-15.642.154,82"
22/08/2022,Pago Cheque de Cámara Recibida,CHEQUE,1,"696.328,00",,"-15.638.989,92"
22/08/2022,Impuesto Débitos y Créditos/DB,IMPUESTOS DEBITOS,5,"4.177,97",,"-14.942.661,92"
19/08/2022,Impuesto Débitos y Créditos/DB,IMPUESTOS DEBITOS,5,"23,50",,"-14.938.483,95"
19/08/2022,Impuesto Débitos y Créditos/DB,IMPUESTOS DEBITOS,5,"0,21",,"-14.938.460,45"
19/08/2022,Impuesto Débitos y Créditos/DB,IMPUESTOS DEBITOS,5,"0,04",,"-14.938.460,24"
19/08/2022,Impuesto Débitos y Créditos/DB,IMPUESTOS DEBITOS,5,"3,45",,"-14.938.460,20"
19/08/2022,Impuesto Débitos y Créditos/DB,IMPUESTOS DEBITOS,5,"0,72",,"-14.938.456,75"
19/08/2022,COMIS.TRANSFERENCIAS,COMISIONES,2,"575,00",,"-14.938.456,03"
19/08/2022,IVA,IVA,7,"120,75",,"-14.937.881,03"
19/08/2022,Cobro Percepción IIBB,IIBB,3,"0,58",,"-14.937.760,28"
19/08/2022,Comisión Consulta Cámara,COMISIONES,2,"35,00",,"-14.937.759,70"
19/08/2022,IVA,IVA,7,"7,35",,"-14.937.724,70"
19/08/2022,Trf. Pago.Prov-Terceros O/Bcos,TRANSFERENCIA,12,,"2.381.106,65","-14.937.717,35"
19/08/2022,Impuesto Débitos y Créditos/CR,IMPUESTOS CREDITOS,4,"14.286,64",,"-17.318.824,00"
19/08/2022,Impuesto Débitos y Créditos/DB,IMPUESTOS DEBITOS,5,"257,16",,"-17.304.537,36"
19/08/2022,IIBB- Acreditaciones Bancarias,IIBB,3,"42.859,92",,"-17.304.280,20"
19/08/2022,Transferencia por CBU,TRANSFERENCIA,12,"3.000.000,00",,"-17.261.420,28"
19/08/2022,Transferencia por CBU,TRANSFERENCIA,12,"6.100.000,00",,"-14.261.420,28"
19/08/2022,Transferencia por CBU,TRANSFERENCIA,12,"1.411.859,37",,"-8.161.420,28"
19/08/2022,Impuesto Débitos y Créditos/DB,IMPUESTOS DEBITOS,5,"8.471,16",,"-6.749.560,91"
19/08/2022,Transferencia por CBU,TRANSFERENCIA,12,"2.493.391,81",,"-6.741.089,75"
19/08/2022,Impuesto Débitos y Créditos/DB,IMPUESTOS DEBITOS,5,"14.960,35",,"-4.247.697,94"
19/08/2022,Trf. Masivas Pago Proveedores,TRANSFERENCIA,12,"27.022,50",,"-4.232.737,59"
19/08/2022,Impuesto Débitos y Créditos/DB,IMPUESTOS DEBITOS,5,"162,14",,"-4.205.715,09"
19/08/2022,Trf. Masivas Pago Proveedores,TRANSFERENCIA,12,"9.134,00",,"-4.205.552,95"
19/08/2022,Impuesto Débitos y Créditos/DB,IMPUESTOS DEBITOS,5,"54,80",,"-4.196.418,95"
19/08/2022,Trf. Masivas Pago Proveedores,TRANSFERENCIA,12,"88.000,00",,"-4.196.364,15"
19/08/2022,Impuesto Débitos y Créditos/DB,IMPUESTOS DEBITOS,5,"528,00",,"-4.108.364,15"
19/08/2022,Trf. Masivas Pago Proveedores,TRANSFERENCIA,12,"110.262,00",,"-4.107.836,15"
19/08/2022,Impuesto Débitos y Créditos/DB,IMPUESTOS DEBITOS,5,"661,57",,"-3.997.574,15"
19/08/2022,Trf. Masivas Pago Proveedores,TRANSFERENCIA,12,"196.285,17",,"-3.996.912,58"
19/08/2022,Impuesto Débitos y Créditos/DB,IMPUESTOS DEBITOS,5,"1.177,71",,"-3.800.627,41"
19/08/2022,Trf. Masivas Pago Proveedores,TRANSFERENCIA,12,"118.376,06",,"-3.799.449,70"
19/08/2022,Impuesto Débitos y Créditos/DB,IMPUESTOS DEBITOS,5,"710,26",,"-3.681.073,64"
19/08/2022,CRED BCA ELECTRONICA INTERBANC,TRANSFERENCIA,12,,"6.679.929,03","-3.680.363,38"
19/08/2022,IIBB- Acreditaciones Bancarias,IIBB,3,"120.238,72",,"-10.360.292,41"
19/08/2022,Impuesto Débitos y Créditos/CR,IMPUESTOS CREDITOS,4,"40.079,57",,"-10.240.053,69"
19/08/2022,Impuesto Débitos y Créditos/DB,IMPUESTOS DEBITOS,5,"721,43",,"-10.199.974,12"
19/08/2022,Trf. Masivas Pago Proveedores,TRANSFERENCIA,12,"50.000,00",,"-10.199.252,69"
19/08/2022,Impuesto Débitos y Créditos/DB,IMPUESTOS DEBITOS,5,"300,00",,"-10.149.252,69"
19/08/2022,Trf. Masivas Pago Proveedores,TRANSFERENCIA,12,"10.000,00",,"-10.148.952,69"
19/08/2022,Impuesto Débitos y Créditos/DB,IMPUESTOS DEBITOS,5,"60,00",,"-10.138.952,69"
19/08/2022,Trf. Masivas Pago Proveedores,TRANSFERENCIA,12,"15.000,00",,"-10.138.892,69"
19/08/2022,Impuesto Débitos y Créditos/DB,IMPUESTOS DEBITOS,5,"90,00",,"-10.123.892,69"
19/08/2022,Trf. Masivas Pago Proveedores,TRANSFERENCIA,12,"15.000,00",,"-10.123.802,69"
19/08/2022,Impuesto Débitos y Créditos/DB,IMPUESTOS DEBITOS,5,"90,00",,"-10.108.802,69"
19/08/2022,Trf. Masivas Pago Proveedores,TRANSFERENCIA,12,"15.000,00",,"-10.108.712,69"
19/08/2022,Impuesto Débitos y Créditos/DB,IMPUESTOS DEBITOS,5,"90,00",,"-10.093.712,69"
19/08/2022,Trf. Masivas Pago Proveedores,TRANSFERENCIA,12,"15.000,00",,"-10.093.622,69"
19/08/2022,Impuesto Débitos y Créditos/DB,IMPUESTOS DEBITOS,5,"90,00",,"-10.078.622,69"
19/08/2022,Trf. Masivas Pago Proveedores,TRANSFERENCIA,12,"15.000,00",,"-10.078.532,69"
19/08/2022,Impuesto Débitos y Créditos/DB,IMPUESTOS DEBITOS,5,"90,00",,"-10.063.532,69"
19/08/2022,Trf. Masivas Pago Proveedores,TRANSFERENCIA,12,"80.000,00",,"-10.063.442,69"
19/08/2022,Impuesto Débitos y Créditos/DB,IMPUESTOS DEBITOS,5,"480,00",,"-9.983.442,69"
19/08/2022,Trf. Masivas Pago Proveedores,TRANSFERENCIA,12,"20.000,00",,"-9.982.962,69"
19/08/2022,Impuesto Débitos y Créditos/DB,IMPUESTOS DEBITOS,5,"120,00",,"-9.962.962,69"
19/08/2022,Trf. Masivas Pago Proveedores,TRANSFERENCIA,12,"10.000,00",,"-9.962.842,69"
19/08/2022,Impuesto Débitos y Créditos/DB,IMPUESTOS DEBITOS,5,"60,00",,"-9.952.842,69"
19/08/2022,Trf. Masivas Pago Proveedores,TRANSFERENCIA,12,"15.000,00",,"-9.952.782,69"
19/08/2022,Impuesto Débitos y Créditos/DB,IMPUESTOS DEBITOS,5,"90,00",,"-9.937.782,69"
19/08/2022,Trf. Masivas Pago Proveedores,TRANSFERENCIA,12,"15.000,00",,"-9.937.692,69"
19/08/2022,Impuesto Débitos y Créditos/DB,IMPUESTOS DEBITOS,5,"90,00",,"-9.922.692,69"
19/08/2022,Trf. Masivas Pago Proveedores,TRANSFERENCIA,12,"15.000,00",,"-9.922.602,69"
19/08/2022,Impuesto Débitos y Créditos/DB,IMPUESTOS DEBITOS,5,"90,00",,"-9.907.602,69"
19/08/2022,Trf. Masivas Pago Proveedores,TRANSFERENCIA,12,"10.000,00",,"-9.907.512,69"
19/08/2022,Impuesto Débitos y Créditos/DB,IMPUESTOS DEBITOS,5,"60,00",,"-9.897.512,69"
19/08/2022,Trf. Masivas Pago Proveedores,TRANSFERENCIA,12,"15.000,00",,"-9.897.452,69"
19/08/2022,Impuesto Débitos y Créditos/DB,IMPUESTOS DEBITOS,5,"90,00",,"-9.882.452,69"
19/08/2022,Trf. Masivas Pago Proveedores,TRANSFERENCIA,12,"15.000,00",,"-9.882.362,69"
19/08/2022,Impuesto Débitos y Créditos/DB,IMPUESTOS DEBITOS,5,"90,00",,"-9.867.362,69"
19/08/2022,Trf. Masivas Pago Proveedores,TRANSFERENCIA,12,"15.000,00",,"-9.867.272,69"
19/08/2022,Impuesto Débitos y Créditos/DB,IMPUESTOS DEBITOS,5,"90,00",,"-9.852.272,69"
19/08/2022,Trf. Masivas Pago Proveedores,TRANSFERENCIA,12,"50.000,00",,"-9.852.182,69"
19/08/2022,Impuesto Débitos y Créditos/DB,IMPUESTOS DEBITOS,5,"300,00",,"-9.802.182,69"
19/08/2022,Trf. Masivas Pago Proveedores,TRANSFERENCIA,12,"10.000,00",,"-9.801.882,69"
19/08/2022,Impuesto Débitos y Créditos/DB,IMPUESTOS DEBITOS,5,"60,00",,"-9.791.882,69"
19/08/2022,Trf. Masivas Pago Proveedores,TRANSFERENCIA,12,"10.000,00",,"-9.791.822,69"
19/08/2022,Impuesto Débitos y Créditos/DB,IMPUESTOS DEBITOS,5,"60,00",,"-9.781.822,69"
19/08/2022,Trf. Masivas Pago Proveedores,TRANSFERENCIA,12,"15.000,00",,"-9.781.762,69"
19/08/2022,Impuesto Débitos y Créditos/DB,IMPUESTOS DEBITOS,5,"90,00",,"-9.766.762,69"
19/08/2022,Trf. Masivas Pago Proveedores,TRANSFERENCIA,12,"10.000,00",,"-9.766.672,69"
19/08/2022,Impuesto Débitos y Créditos/DB,IMPUESTOS DEBITOS,5,"60,00",,"-9.756.672,69"
19/08/2022,Trf. Masivas Pago Proveedores,TRANSFERENCIA,12,"15.000,00",,"-9.756.612,69"
19/08/2022,Impuesto Débitos y Créditos/DB,IMPUESTOS DEBITOS,5,"90,00",,"-9.741.612,69"
19/08/2022,Trf. Masivas Pago Proveedores,TRANSFERENCIA,12,"15.000,00",,"-9.741.522,69"
19/08/2022,Impuesto Débitos y Créditos/DB,IMPUESTOS DEBITOS,5,"90,00",,"-9.726.522,69"
19/08/2022,Trf. Masivas Pago Proveedores,TRANSFERENCIA,12,"10.000,00",,"-9.726.432,69"
19/08/2022,Impuesto Débitos y Créditos/DB,IMPUESTOS DEBITOS,5,"60,00",,"-9.716.432,69"
19/08/2022,Trf. Masivas Pago Proveedores,TRANSFERENCIA,12,"10.000,00",,"-9.716.372,69"
19/08/2022,Impuesto Débitos y Créditos/DB,IMPUESTOS DEBITOS,5,"60,00",,"-9.706.372,69"
19/08/2022,Trf. Masivas Pago Proveedores,TRANSFERENCIA,12,"15.000,00",,"-9.706.312,69"
19/08/2022,Impuesto Débitos y Créditos/DB,IMPUESTOS DEBITOS,5,"90,00",,"-9.691.312,69"
19/08/2022,Trf. Masivas Pago Proveedores,TRANSFERENCIA,12,"15.000,00",,"-9.691.222,69"
19/08/2022,Impuesto Débitos y Créditos/DB,IMPUESTOS DEBITOS,5,"90,00",,"-9.676.222,69"
19/08/2022,Trf. Masivas Pago Proveedores,TRANSFERENCIA,12,"15.000,00",,"-9.676.132,69"
19/08/2022,Impuesto Débitos y Créditos/DB,IMPUESTOS DEBITOS,5,"90,00",,"-9.661.132,69"
19/08/2022,Trf. Masivas Pago Proveedores,TRANSFERENCIA,12,"8.000,00",,"-9.661.042,69"
19/08/2022,Impuesto Débitos y Créditos/DB,IMPUESTOS DEBITOS,5,"48,00",,"-9.653.042,69"
19/08/2022,Trf. Masivas Pago Proveedores,TRANSFERENCIA,12,"15.000,00",,"-9.652.994,69"
19/08/2022,Impuesto Débitos y Créditos/DB,IMPUESTOS DEBITOS,5,"90,00",,"-9.637.994,69"
19/08/2022,Trf. Masivas Pago Proveedores,TRANSFERENCIA,12,"10.000,00",,"-9.637.904,69"
19/08/2022,Impuesto Débitos y Créditos/DB,IMPUESTOS DEBITOS,5,"60,00",,"-9.627.904,69"
19/08/2022,Trf. Masivas Pago Proveedores,TRANSFERENCIA,12,"15.000,00",,"-9.627.844,69"
19/08/2022,Impuesto Débitos y Créditos/DB,IMPUESTOS DEBITOS,5,"90,00",,"-9.612.844,69"
19/08/2022,Trf. Masivas Pago Proveedores,TRANSFERENCIA,12,"256.649,00",,"-9.612.754,69"
19/08/2022,Impuesto Débitos y Créditos/DB,IMPUESTOS DEBITOS,5,"1.539,89",,"-9.356.105,69"
19/08/2022,Trf. Masivas Pago Proveedores,TRANSFERENCIA,12,"15.000,00",,"-9.354.565,80"
19/08/2022,Impuesto Débitos y Créditos/DB,IMPUESTOS DEBITOS,5,"90,00",,"-9.339.565,80"
19/08/2022,Trf. Masivas Pago Proveedores,TRANSFERENCIA,12,"35.000,00",,"-9.339.475,80"
19/08/2022,Impuesto Débitos y Créditos/DB,IMPUESTOS DEBITOS,5,"210,00",,"-9.304.475,80"
19/08/2022,Trf. Masivas Pago Proveedores,TRANSFERENCIA,12,"15.000,00",,"-9.304.265,80"
19/08/2022,Impuesto Débitos y Créditos/DB,IMPUESTOS DEBITOS,5,"90,00",,"-9.289.265,80"
19/08/2022,Trf. Masivas Pago Proveedores,TRANSFERENCIA,12,"15.000,00",,"-9.289.175,80"
19/08/2022,Impuesto Débitos y Créditos/DB,IMPUESTOS DEBITOS,5,"90,00",,"-9.274.175,80"
19/08/2022,Trf. Masivas Pago Proveedores,TRANSFERENCIA,12,"15.000,00",,"-9.274.085,80"
19/08/2022,Impuesto Débitos y Créditos/DB,IMPUESTOS DEBITOS,5,"90,00",,"-9.259.085,80"
19/08/2022,Trf. Masivas Pago Proveedores,TRANSFERENCIA,12,"20.000,00",,"-9.258.995,80"
19/08/2022,Impuesto Débitos y Créditos/DB,IMPUESTOS DEBITOS,5,"120,00",,"-9.238.995,80"
19/08/2022,Trf. Masivas Pago Proveedores,TRANSFERENCIA,12,"10.000,00",,"-9.238.875,80"
19/08/2022,Impuesto Débitos y Créditos/DB,IMPUESTOS DEBITOS,5,"60,00",,"-9.228.875,80"
19/08/2022,Trf. Masivas Pago Proveedores,TRANSFERENCIA,12,"20.000,00",,"-9.228.815,80"
19/08/2022,Impuesto Débitos y Créditos/DB,IMPUESTOS DEBITOS,5,"120,00",,"-9.208.815,80"
19/08/2022,Trf. Masivas Pago Proveedores,TRANSFERENCIA,12,"15.000,00",,"-9.208.695,80"
19/08/2022,Impuesto Débitos y Créditos/DB,IMPUESTOS DEBITOS,5,"90,00",,"-9.193.695,80"
19/08/2022,Trf. Masivas Pago Proveedores,TRANSFERENCIA,12,"15.000,00",,"-9.193.605,80"
19/08/2022,Impuesto Débitos y Créditos/DB,IMPUESTOS DEBITOS,5,"90,00",,"-9.178.605,80"
19/08/2022,Trf. Masivas Pago Proveedores,TRANSFERENCIA,12,"10.000,00",,"-9.178.515,80"
19/08/2022,Impuesto Débitos y Créditos/DB,IMPUESTOS DEBITOS,5,"60,00",,"-9.168.515,80"
19/08/2022,Trf. Masivas Pago Proveedores,TRANSFERENCIA,12,"15.000,00",,"-9.168.455,80"
19/08/2022,Impuesto Débitos y Créditos/DB,IMPUESTOS DEBITOS,5,"90,00",,"-9.153.455,80"
19/08/2022,Trf. Masivas Pago Proveedores,TRANSFERENCIA,12,"10.000,00",,"-9.153.365,80"
19/08/2022,Impuesto Débitos y Créditos/DB,IMPUESTOS DEBITOS,5,"60,00",,"-9.143.365,80"
19/08/2022,Trf. Masivas Pago Proveedores,TRANSFERENCIA,12,"75.000,00",,"-9.143.305,80"
19/08/2022,Impuesto Débitos y Créditos/DB,IMPUESTOS DEBITOS,5,"450,00",,"-9.068.305,80"
19/08/2022,Trf. Masivas Pago Proveedores,TRANSFERENCIA,12,"10.000,00",,"-9.067.855,80"
19/08/2022,Impuesto Débitos y Créditos/DB,IMPUESTOS DEBITOS,5,"60,00",,"-9.057.855,80"
19/08/2022,Trf. Masivas Pago Proveedores,TRANSFERENCIA,12,"15.000,00",,"-9.057.795,80"
19/08/2022,Impuesto Débitos y Créditos/DB,IMPUESTOS DEBITOS,5,"90,00",,"-9.042.795,80"
19/08/2022,Trf. Masivas Pago Proveedores,TRANSFERENCIA,12,"10.000,00",,"-9.042.705,80"
19/08/2022,Impuesto Débitos y Créditos/DB,IMPUESTOS DEBITOS,5,"60,00",,"-9.032.705,80"
19/08/2022,Trf. Masivas Pago Proveedores,TRANSFERENCIA,12,"15.000,00",,"-9.032.645,80"
19/08/2022,Impuesto Débitos y Créditos/DB,IMPUESTOS DEBITOS,5,"90,00",,"-9.017.645,80"
19/08/2022,Trf. Masivas Pago Proveedores,TRANSFERENCIA,12,"15.000,00",,"-9.017.555,80"
19/08/2022,Impuesto Débitos y Créditos/DB,IMPUESTOS DEBITOS,5,"90,00",,"-9.002.555,80"
19/08/2022,Trf. Masivas Pago Proveedores,TRANSFERENCIA,12,"15.000,00",,"-9.002.465,80"
19/08/2022,Impuesto Débitos y Créditos/DB,IMPUESTOS DEBITOS,5,"90,00",,"-8.987.465,80"
19/08/2022,Trf. Masivas Pago Proveedores,TRANSFERENCIA,12,"10.000,00",,"-8.987.375,80"
19/08/2022,Impuesto Débitos y Créditos/DB,IMPUESTOS DEBITOS,5,"60,00",,"-8.977.375,80"
19/08/2022,Trf. Masivas Pago Proveedores,TRANSFERENCIA,12,"10.000,00",,"-8.977.315,80"
19/08/2022,Impuesto Débitos y Créditos/DB,IMPUESTOS DEBITOS,5,"60,00",,"-8.967.315,80"
19/08/2022,Trf. Masivas Pago Proveedores,TRANSFERENCIA,12,"30.000,00",,"-8.967.255,80"
19/08/2022,Impuesto Débitos y Créditos/DB,IMPUESTOS DEBITOS,5,"180,00",,"-8.937.255,80"
19/08/2022,Trf. Masivas Pago Proveedores,TRANSFERENCIA,12,"20.000,00",,"-8.937.075,80"
19/08/2022,Impuesto Débitos y Créditos/DB,IMPUESTOS DEBITOS,5,"120,00",,"-8.917.075,80"
19/08/2022,Trf. Masivas Pago Proveedores,TRANSFERENCIA,12,"15.000,00",,"-8.916.955,80"
19/08/2022,Impuesto Débitos y Créditos/DB,IMPUESTOS DEBITOS,5,"90,00",,"-8.901.955,80"
19/08/2022,Trf. Masivas Pago Proveedores,TRANSFERENCIA,12,"15.000,00",,"-8.901.865,80"
19/08/2022,Impuesto Débitos y Créditos/DB,IMPUESTOS DEBITOS,5,"90,00",,"-8.886.865,80"
19/08/2022,Trf. Masivas Pago Proveedores,TRANSFERENCIA,12,"15.000,00",,"-8.886.775,80"
19/08/2022,Impuesto Débitos y Créditos/DB,IMPUESTOS DEBITOS,5,"90,00",,"-8.871.775,80"
19/08/2022,Trf. Masivas Pago Proveedores,TRANSFERENCIA,12,"60.000,00",,"-8.871.685,80"
19/08/2022,Impuesto Débitos y Créditos/DB,IMPUESTOS DEBITOS,5,"360,00",,"-8.811.685,80"
19/08/2022,Trf. Masivas Pago Proveedores,TRANSFERENCIA,12,"10.000,00",,"-8.811.325,80"
19/08/2022,Impuesto Débitos y Créditos/DB,IMPUESTOS DEBITOS,5,"60,00",,"-8.801.325,80"
19/08/2022,Trf. Masivas Pago Proveedores,TRANSFERENCIA,12,"20.000,00",,"-8.801.265,80"
19/08/2022,Impuesto Débitos y Créditos/DB,IMPUESTOS DEBITOS,5,"120,00",,"-8.781.265,80"
19/08/2022,Debito Transf. HomeBanking,TRANSFERENCIA,12,"470.000,00",,"-8.781.145,80"
19/08/2022,Impuesto Débitos y Créditos/DB,IMPUESTOS DEBITOS,5,"2.820,00",,"-8.311.145,80"
19/08/2022,Debito Transf. HomeBanking,TRANSFERENCIA,12,"830.000,00",,"-8.308.325,80"
19/08/2022,Impuesto Débitos y Créditos/DB,IMPUESTOS DEBITOS,5,"4.980,00",,"-7.478.325,80"
19/08/2022,Transferencia por CBU,TRANSFERENCIA,12,"1.270.000,00",,"-7.473.345,80"
19/08/2022,Impuesto Débitos y Créditos/DB,IMPUESTOS DEBITOS,5,"7.620,00",,"-6.203.345,80"
19/08/2022,Descto. Docum.- Acreditación,OPERACIONES FINANCIERAS,8,,"21.714.752,75","-6.195.725,80"
19/08/2022,IIBB- Acreditaciones Bancarias,IIBB,3,"390.865,55",,"-27.910.478,55"
19/08/2022,Intereses de Sobregiro,INTERESES,6,"149.963,93",,"-27.519.613,00"
19/08/2022,Intereses de Sobregiro,INTERESES,6,"39.185,11",,"-27.369.649,07"
19/08/2022,IVA,IVA,7,"15.746,21",,"-27.330.463,96"
19/08/2022,IVA,IVA,7,"4.114,44",,"-27.314.717,75"
19/08/2022,Percepción I.V.A. RG. 3337,PERC. IVA,9,"2.249,46",,"-27.310.603,31"
19/08/2022,Percepción I.V.A. RG. 3337,PERC. IVA,9,"587,78",,"-27.308.353,85"
19/08/2022,Cobro Percepción IIBB,IIBB,3,"149,96",,"-27.307.766,07"
19/08/2022,Cobro Percepción IIBB,IIBB,3,"39,19",,"-27.307.616,11"
19/08/2022,Impuesto Débitos y Créditos/DB,IMPUESTOS DEBITOS,5,"899,78",,"-27.307.576,92"
19/08/2022,Impuesto Débitos y Créditos/DB,IMPUESTOS DEBITOS,5,"235,11",,"-27.306.677,14"
19/08/2022,Impuesto Débitos y Créditos/DB,IMPUESTOS DEBITOS,5,"94,48",,"-27.306.442,03"
19/08/2022,Impuesto Débitos y Créditos/DB,IMPUESTOS DEBITOS,5,"24,69",,"-27.306.347,55"
19/08/2022,Impuesto Débitos y Créditos/DB,IMPUESTOS DEBITOS,5,"13,50",,"-27.306.322,86"
19/08/2022,Impuesto Débitos y Créditos/DB,IMPUESTOS DEBITOS,5,"3,53",,"-27.306.309,36"
19/08/2022,Impuesto Débitos y Créditos/DB,IMPUESTOS DEBITOS,5,"0,90",,"-27.306.305,83"
19/08/2022,Impuesto Débitos y Créditos/DB,IMPUESTOS DEBITOS,5,"0,24",,"-27.306.304,93"
19/08/2022,IMPUESTO A LOS SELLOS,SELLOS,10,"3.916,12",,"-27.306.304,69"
19/08/2022,SIPAP - Pago Cheque de Cámara,CHEQUE,1,"15.904,81",,"-27.302.388,57"
19/08/2022,Impuesto Débitos y Créditos/DB,IMPUESTOS DEBITOS,5,"95,43",,"-27.286.483,76"
19/08/2022,SIPAP - Pago Cheque de Cámara,CHEQUE,1,"103.980,55",,"-27.286.388,33"
19/08/2022,Impuesto Débitos y Créditos/DB,IMPUESTOS DEBITOS,5,"623,88",,"-27.182.407,78"
19/08/2022,SIPAP - Pago Cheque de Cámara,CHEQUE,1,"15.525,00",,"-27.181.783,90"
19/08/2022,Impuesto Débitos y Créditos/DB,IMPUESTOS DEBITOS,5,"93,15",,"-27.166.258,90"
19/08/2022,Pago Cheque de Cámara Recibida,CHEQUE,1,"1.500.000,00",,"-27.166.165,75"
19/08/2022,Impuesto Débitos y Créditos/DB,IMPUESTOS DEBITOS,5,"9.000,00",,"-25.666.165,75"
19/08/2022,Pago Cheque de Cámara Recibida,CHEQUE,1,"2.000.000,00",,"-25.657.165,75"
19/08/2022,Impuesto Débitos y Créditos/DB,IMPUESTOS DEBITOS,5,"12.000,00",,"-23.657.165,75"
19/08/2022,Pago Cheque de Cámara Recibida,CHEQUE,1,"1.000.000,00",,"-23.645.165,75"
19/08/2022,Impuesto Débitos y Créditos/DB,IMPUESTOS DEBITOS,5,"6.000,00",,"-22.645.165,75"
19/08/2022,Pago Cheque de Cámara Recibida,CHEQUE,1,"2.000.000,00",,"-22.639.165,75"
19/08/2022,Impuesto Débitos y Créditos/DB,IMPUESTOS DEBITOS,5,"12.000,00",,"-20.639.165,75"
19/08/2022,Pago Cheque de Cámara Recibida,CHEQUE,1,"948.285,25",,"-20.627.165,75"
19/08/2022,Impuesto Débitos y Créditos/DB,IMPUESTOS DEBITOS,5,"5.689,71",,"-19.678.880,50"
19/08/2022,Pago Cheque de Cámara Recibida,CHEQUE,1,"696.328,00",,"-19.673.190,79"
19/08/2022,Impuesto Débitos y Créditos/DB,IMPUESTOS DEBITOS,5,"4.177,97",,"-18.976.862,79"
19/08/2022,Pago Cheque de Cámara Recibida,CHEQUE,1,"148.687,87",,"-18.972.684,82"
19/08/2022,Impuesto Débitos y Créditos/DB,IMPUESTOS DEBITOS,5,"892,13",,"-18.823.996,95"
18/08/2022,Impuesto Débitos y Créditos/DB,IMPUESTOS DEBITOS,5,"10.200,00",,"-18.823.104,82"
18/08/2022,Impuesto Débitos y Créditos/DB,IMPUESTOS DEBITOS,5,"6,44",,"-18.812.904,82"
18/08/2022,Impuesto Débitos y Créditos/DB,IMPUESTOS DEBITOS,5,"0,21",,"-18.812.898,38"
18/08/2022,Impuesto Débitos y Créditos/DB,IMPUESTOS DEBITOS,5,"0,04",,"-18.812.898,17"
18/08/2022,Comisión Consulta Cámara,COMISIONES,2,"35,00",,"-18.812.898,13"
18/08/2022,IVA,IVA,7,"7,35",,"-18.812.863,13"
18/08/2022,Debito Transf. HomeBanking,TRANSFERENCIA,12,"1.700.000,00",,"-18.812.855,78"
18/08/2022,Descto. Docum.- Acreditación,OPERACIONES FINANCIERAS,8,,"3.694.642,34","-17.112.855,78"
18/08/2022,IIBB- Acreditaciones Bancarias,IIBB,3,"66.503,56",,"-20.807.498,12"
18/08/2022,CRED BCA ELECTRONICA INTERBANC,TRANSFERENCIA,12,,"7.731.772,52","-20.740.994,56"
18/08/2022,IIBB- Acreditaciones Bancarias,IIBB,3,"139.171,91",,"-28.472.767,08"
18/08/2022,Impuesto Débitos y Créditos/CR,IMPUESTOS CREDITOS,4,"46.390,64",,"-28.333.595,17"
18/08/2022,Impuesto Débitos y Créditos/DB,IMPUESTOS DEBITOS,5,"835,03",,"-28.287.204,53"
18/08/2022,Intereses de Sobregiro,INTERESES,6,"49.210,96",,"-28.286.369,50"
18/08/2022,IVA,IVA,7,"5.167,15",,"-28.237.158,54"
18/08/2022,Percepción I.V.A. RG. 3337,PERC. IVA,9,"738,16",,"-28.231.991,39"
18/08/2022,Cobro Percepción IIBB,IIBB,3,"49,21",,"-28.231.253,23"
18/08/2022,Impuesto Débitos y Créditos/DB,IMPUESTOS DEBITOS,5,"295,27",,"-28.231.204,02"
18/08/2022,Impuesto Débitos y Créditos/DB,IMPUESTOS DEBITOS,5,"31,00",,"-28.230.908,75"
18/08/2022,Impuesto Débitos y Créditos/DB,IMPUESTOS DEBITOS,5,"4,43",,"-28.230.877,75"
18/08/2022,Impuesto Débitos y Créditos/DB,IMPUESTOS DEBITOS,5,"0,30",,"-28.230.873,32"
18/08/2022,IMPUESTO A LOS SELLOS,SELLOS,10,"1.073,67",,"-28.230.873,02"
18/08/2022,SIPAP - Pago Cheque de Cámara,CHEQUE,1,"94.844,30",,"-28.229.799,35"
18/08/2022,Impuesto Débitos y Créditos/DB,IMPUESTOS DEBITOS,5,"569,07",,"-28.134.955,05"
18/08/2022,SIPAP - Pago Cheque de Cámara,CHEQUE,1,"96.748,59",,"-28.134.385,98"
18/08/2022,Impuesto Débitos y Créditos/DB,IMPUESTOS DEBITOS,5,"580,49",,"-28.037.637,39"
18/08/2022,SIPAP - Pago Cheque de Cámara,CHEQUE,1,"17.838,00",,"-28.037.056,90"
18/08/2022,Impuesto Débitos y Créditos/DB,IMPUESTOS DEBITOS,5,"107,03",,"-28.019.218,90"
18/08/2022,SIPAP - Pago Cheque de Cámara,CHEQUE,1,"39.223,25",,"-28.019.111,87"
18/08/2022,Impuesto Débitos y Créditos/DB,IMPUESTOS DEBITOS,5,"235,34",,"-27.979.888,62"
18/08/2022,SIPAP - Pago Cheque de Cámara,CHEQUE,1,"153.646,20",,"-27.979.653,28"
18/08/2022,Impuesto Débitos y Créditos/DB,IMPUESTOS DEBITOS,5,"921,88",,"-27.826.007,08"
18/08/2022,SIPAP - Pago Cheque de Cámara,CHEQUE,1,"229.882,55",,"-27.825.085,20"
18/08/2022,Impuesto Débitos y Créditos/DB,IMPUESTOS DEBITOS,5,"1.379,30",,"-27.595.202,65"
18/08/2022,SIPAP - Pago Cheque de Cámara,CHEQUE,1,"34.577,99",,"-27.593.823,35"
18/08/2022,Impuesto Débitos y Créditos/DB,IMPUESTOS DEBITOS,5,"207,47",,"-27.559.245,36"
18/08/2022,Pago Cheque de Cámara Recibida,CHEQUE,1,"2.000.000,00",,"-27.559.037,89"
18/08/2022,Impuesto Débitos y Créditos/DB,IMPUESTOS DEBITOS,5,"12.000,00",,"-25.559.037,89"
18/08/2022,Pago Cheque de Cámara Recibida,CHEQUE,1,"87.837,28",,"-25.547.037,89"
18/08/2022,Impuesto Débitos y Créditos/DB,IMPUESTOS DEBITOS,5,"527,02",,"-25.459.200,61"
18/08/2022,Pago Cheque de Cámara Recibida,CHEQUE,1,"388.680,00",,"-25.458.673,59"
18/08/2022,Impuesto Débitos y Créditos/DB,IMPUESTOS DEBITOS,5,"2.332,08",,"-25.069.993,59"
18/08/2022,Pago Cheque de Cámara Recibida,CHEQUE,1,"696.328,00",,"-25.067.661,51"
18/08/2022,Impuesto Débitos y Créditos/DB,IMPUESTOS DEBITOS,5,"4.177,97",,"-24.371.333,51"
18/08/2022,SIPAP - Pago Cheque de Cámara,CHEQUE,1,"32.433,58",,"-24.367.155,54"
18/08/2022,Impuesto Débitos y Créditos/DB,IMPUESTOS DEBITOS,5,"194,60",,"-24.334.721,96"
18/08/2022,SIPAP - Pago Cheque de Cámara,CHEQUE,1,"140.595,75",,"-24.334.527,36"
18/08/2022,Impuesto Débitos y Créditos/DB,IMPUESTOS DEBITOS,5,"843,57",,"-24.193.931,61"
18/08/2022,Pago Cheque de Cámara Recibida,CHEQUE,1,"1.500.000,00",,"-24.193.088,04"
18/08/2022,Impuesto Débitos y Créditos/DB,IMPUESTOS DEBITOS,5,"9.000,00",,"-22.693.088,04"
18/08/2022,Pago Cheque de Cámara Recibida,CHEQUE,1,"2.000.000,00",,"-22.684.088,04"
18/08/2022,Impuesto Débitos y Créditos/DB,IMPUESTOS DEBITOS,5,"12.000,00",,"-20.684.088,04"
18/08/2022,Pago Cheque de Cámara Recibida,CHEQUE,1,"1.000.000,00",,"-20.672.088,04"
18/08/2022,Impuesto Débitos y Créditos/DB,IMPUESTOS DEBITOS,5,"6.000,00",,"-19.672.088,04"
18/08/2022,SIPAP - Pago Cámara SPV 24 hs.,CHEQUE,1,"28.124,21",,"-19.666.088,04"
18/08/2022,Impuesto Débitos y Créditos/DB,IMPUESTOS DEBITOS,5,"168,75",,"-19.637.963,83"
18/08/2022,SIPAP - Pago Cámara SPV 24 hs.,CHEQUE,1,"44.971,01",,"-19.637.795,08"
18/08/2022,Impuesto Débitos y Créditos/DB,IMPUESTOS DEBITOS,5,"269,83",,"-19.592.824,07"
17/08/2022,Impuesto Débitos y Créditos/DB,IMPUESTOS DEBITOS,5,"0,21",,"-19.592.554,24"
17/08/2022,Impuesto Débitos y Créditos/DB,IMPUESTOS DEBITOS,5,"0,04",,"-19.592.554,03"
17/08/2022,Comisión Consulta Cámara,COMISIONES,2,"35,00",,"-19.592.553,99"
17/08/2022,IVA,IVA,7,"7,35",,"-19.592.518,99"
17/08/2022,Credito DEBIN,TRANSFERENCIA,12,,"1.024.000,00","-19.592.511,64"
17/08/2022,Crédito por Transferencia,TRANSFERENCIA,12,,"7.000.000,00","-20.616.511,64"
17/08/2022,Descto. Docum.- Acreditación,OPERACIONES FINANCIERAS,8,,"27.787,81","-27.616.511,64"
17/08/2022,IIBB- Acreditaciones Bancarias,IIBB,3,"500,18",,"-27.644.299,45"
17/08/2022,Descto. Docum.- Acreditación,OPERACIONES FINANCIERAS,8,,"2.722.705,46","-27.643.799,27"
17/08/2022,IIBB- Acreditaciones Bancarias,IIBB,3,"49.008,70",,"-30.366.504,73"
17/08/2022,SIPAP - Pago Cheque de Cámara,CHEQUE,1,"109.357,32",,"-30.317.496,03"
17/08/2022,Impuesto Débitos y Créditos/DB,IMPUESTOS DEBITOS,5,"656,14",,"-30.208.138,71"
17/08/2022,SIPAP - Pago Cheque de Cámara,CHEQUE,1,"166.582,75",,"-30.207.482,57"
17/08/2022,Impuesto Débitos y Créditos/DB,IMPUESTOS DEBITOS,5,"999,50",,"-30.040.899,82"
17/08/2022,SIPAP - Pago Cheque de Cámara,CHEQUE,1,"116.748,72",,"-30.039.900,32"
17/08/2022,Impuesto Débitos y Créditos/DB,IMPUESTOS DEBITOS,5,"700,49",,"-29.923.151,60"
17/08/2022,SIPAP - Pago Cheque de Cámara,CHEQUE,1,"484.944,61",,"-29.922.451,11"
17/08/2022,Impuesto Débitos y Créditos/DB,IMPUESTOS DEBITOS,5,"2.909,67",,"-29.437.506,50"
17/08/2022,SIPAP - Pago Cheque de Cámara,CHEQUE,1,"134.388,80",,"-29.434.596,83"
17/08/2022,Impuesto Débitos y Créditos/DB,IMPUESTOS DEBITOS,5,"806,33",,"-29.300.208,03"
17/08/2022,SIPAP - Pago Cheque de Cámara,CHEQUE,1,"84.186,23",,"-29.299.401,70"
17/08/2022,Impuesto Débitos y Créditos/DB,IMPUESTOS DEBITOS,5,"505,12",,"-29.215.215,47"
17/08/2022,SIPAP - Pago Cheque de Cámara,CHEQUE,1,"447.545,25",,"-29.214.710,35"
17/08/2022,Impuesto Débitos y Créditos/DB,IMPUESTOS DEBITOS,5,"2.685,27",,"-28.767.165,10"
17/08/2022,SIPAP - Pago Cheque de Cámara,CHEQUE,1,"270.728,31",,"-28.764.479,83"
17/08/2022,Impuesto Débitos y Créditos/DB,IMPUESTOS DEBITOS,5,"1.624,37",,"-28.493.751,52"
17/08/2022,SIPAP - Pago Cheque de Cámara,CHEQUE,1,"1.560.038,23",,"-28.492.127,15"
17/08/2022,Impuesto Débitos y Créditos/DB,IMPUESTOS DEBITOS,5,"9.360,23",,"-26.932.088,92"
17/08/2022,SIPAP - Pago Cheque de Cámara,CHEQUE,1,"9.000,00",,"-26.922.728,69"
17/08/2022,Impuesto Débitos y Créditos/DB,IMPUESTOS DEBITOS,5,"54,00",,"-26.913.728,69"
17/08/2022,SIPAP - Pago Cheque de Cámara,CHEQUE,1,"132.992,81",,"-26.913.674,69"
17/08/2022,Impuesto Débitos y Créditos/DB,IMPUESTOS DEBITOS,5,"797,96",,"-26.780.681,88"
17/08/2022,SIPAP - Pago Cheque de Cámara,CHEQUE,1,"204.494,58",,"-26.779.883,92"
17/08/2022,Impuesto Débitos y Créditos/DB,IMPUESTOS DEBITOS,5,"1.226,97",,"-26.575.389,34"
17/08/2022,SIPAP - Pago Cheque de Cámara,CHEQUE,1,"84.250,28",,"-26.574.162,37"
17/08/2022,Impuesto Débitos y Créditos/DB,IMPUESTOS DEBITOS,5,"505,50",,"-26.489.912,09"
17/08/2022,SIPAP - Pago Cheque de Cámara,CHEQUE,1,"1.140.782,66",,"-26.489.406,59"
17/08/2022,Impuesto Débitos y Créditos/DB,IMPUESTOS DEBITOS,5,"6.844,70",,"-25.348.623,93"
17/08/2022,SIPAP - Pago Cheque de Cámara,CHEQUE,1,"100.500,96",,"-25.341.779,23"
17/08/2022,Impuesto Débitos y Créditos/DB,IMPUESTOS DEBITOS,5,"603,01",,"-25.241.278,27"
17/08/2022,SIPAP - Pago Cheque de Cámara,CHEQUE,1,"119.811,22",,"-25.240.675,26"
17/08/2022,Impuesto Débitos y Créditos/DB,IMPUESTOS DEBITOS,5,"718,87",,"-25.120.864,04"
17/08/2022,SIPAP - Pago Cheque de Cámara,CHEQUE,1,"2.113.451,62",,"-25.120.145,17"
17/08/2022,Impuesto Débitos y Créditos/DB,IMPUESTOS DEBITOS,5,"12.680,71",,"-23.006.693,55"
17/08/2022,SIPAP - Pago Cheque de Cámara,CHEQUE,1,"268.667,45",,"-22.994.012,84"
17/08/2022,Impuesto Débitos y Créditos/DB,IMPUESTOS DEBITOS,5,"1.612,00",,"-22.725.345,39"
17/08/2022,Pago Cheque de Cámara Recibida,CHEQUE,1,"120.526,61",,"-22.723.733,39"
17/08/2022,Impuesto Débitos y Créditos/DB,IMPUESTOS DEBITOS,5,"723,16",,"-22.603.206,78"
17/08/2022,Pago Cheque de Cámara Recibida,CHEQUE,1,"101.697,59",,"-22.602.483,62"
17/08/2022,Impuesto Débitos y Créditos/DB,IMPUESTOS DEBITOS,5,"610,19",,"-22.500.786,03"
17/08/2022,Pago Cheque de Cámara Recibida,CHEQUE,1,"556.448,40",,"-22.500.175,84"
17/08/2022,Impuesto Débitos y Créditos/DB,IMPUESTOS DEBITOS,5,"3.338,69",,"-21.943.727,44"
17/08/2022,Pago Cheque de Cámara Recibida,CHEQUE,1,"696.328,00",,"-21.940.388,75"
17/08/2022,Impuesto Débitos y Créditos/DB,IMPUESTOS DEBITOS,5,"4.177,97",,"-21.244.060,75"
17/08/2022,Pago Cheque de Cámara Recibida,CHEQUE,1,"86.675,48",,"-21.239.882,78"
17/08/2022,Impuesto Débitos y Créditos/DB,IMPUESTOS DEBITOS,5,"520,05",,"-21.153.207,30"
17/08/2022,SIPAP - Pago Cheque de Cámara,CHEQUE,1,"197.782,50",,"-21.152.687,25"
17/08/2022,Impuesto Débitos y Créditos/DB,IMPUESTOS DEBITOS,5,"1.186,70",,"-20.954.904,75"
17/08/2022,SIPAP - Pago Cheque de Cámara,CHEQUE,1,"108.134,76",,"-20.953.718,05"
17/08/2022,Impuesto Débitos y Créditos/DB,IMPUESTOS DEBITOS,5,"648,81",,"-20.845.583,29"
17/08/2022,SIPAP - Pago Cheque de Cámara,CHEQUE,1,"19.618,50",,"-20.844.934,48"
17/08/2022,Impuesto Débitos y Créditos/DB,IMPUESTOS DEBITOS,5,"117,71",,"-20.825.315,98"
17/08/2022,SIPAP - Pago Cheque de Cámara,CHEQUE,1,"87.810,25",,"-20.825.198,27"
17/08/2022,Impuesto Débitos y Créditos/DB,IMPUESTOS DEBITOS,5,"526,86",,"-20.737.388,02"
17/08/2022,SIPAP - Pago Cheque de Cámara,CHEQUE,1,"112.754,53",,"-20.736.861,16"
17/08/2022,Impuesto Débitos y Créditos/DB,IMPUESTOS DEBITOS,5,"676,53",,"-20.624.106,63"
17/08/2022,SIPAP - Pago Cheque de Cámara,CHEQUE,1,"111.166,27",,"-20.623.430,10"
17/08/2022,Impuesto Débitos y Créditos/DB,IMPUESTOS DEBITOS,5,"667,00",,"-20.512.263,83"
17/08/2022,SIPAP - Pago Cheque de Cámara,CHEQUE,1,"108.245,92",,"-20.511.596,83"
17/08/2022,Impuesto Débitos y Créditos/DB,IMPUESTOS DEBITOS,5,"649,48",,"-20.403.350,91"
17/08/2022,SIPAP - Pago Cheque de Cámara,CHEQUE,1,"100.674,00",,"-20.402.701,43"
17/08/2022,Impuesto Débitos y Créditos/DB,IMPUESTOS DEBITOS,5,"604,04",,"-20.302.027,43"
17/08/2022,SIPAP - Pago Cheque de Cámara,CHEQUE,1,"152.308,26",,"-20.301.423,39"
17/08/2022,Impuesto Débitos y Créditos/DB,IMPUESTOS DEBITOS,5,"913,85",,"-20.149.115,13"
17/08/2022,Pago Cheque de Cámara Recibida,CHEQUE,1,"1.500.000,00",,"-20.148.201,28"
17/08/2022,Impuesto Débitos y Créditos/DB,IMPUESTOS DEBITOS,5,"9.000,00",,"-18.648.201,28"
17/08/2022,Pago Cheque de Cámara Recibida,CHEQUE,1,"712.933,83",,"-18.639.201,28"
17/08/2022,Impuesto Débitos y Créditos/DB,IMPUESTOS DEBITOS,5,"4.277,60",,"-17.926.267,45"
17/08/2022,Pago Cheque de Cámara Recibida,CHEQUE,1,"707.700,35",,"-17.921.989,85"
17/08/2022,Impuesto Débitos y Créditos/DB,IMPUESTOS DEBITOS,5,"4.246,20",,"-17.214.289,50"
17/08/2022,Pago Cheque de Cámara Recibida,CHEQUE,1,"308.902,81",,"-17.210.043,30"
17/08/2022,Impuesto Débitos y Créditos/DB,IMPUESTOS DEBITOS,5,"1.853,42",,"-16.901.140,49"
17/08/2022,Pago Cheque de Cámara Recibida,CHEQUE,1,"2.000.000,00",,"-16.899.287,07"
17/08/2022,Impuesto Débitos y Créditos/DB,IMPUESTOS DEBITOS,5,"12.000,00",,"-14.899.287,07"
17/08/2022,Pago Cheque de Cámara Recibida,CHEQUE,1,"1.000.000,00",,"-14.887.287,07"
17/08/2022,Impuesto Débitos y Créditos/DB,IMPUESTOS DEBITOS,5,"6.000,00",,"-13.887.287,07"
17/08/2022,Pago Cheque de Cámara Recibida,CHEQUE,1,"2.082.928,69",,"-13.881.287,07"
17/08/2022,Impuesto Débitos y Créditos/DB,IMPUESTOS DEBITOS,5,"12.497,57",,"-11.798.358,38"
17/08/2022,Pago Cheque de Cámara Recibida,CHEQUE,1,"164.601,33",,"-11.785.860,81"
17/08/2022,Impuesto Débitos y Créditos/DB,IMPUESTOS DEBITOS,5,"987,61",,"-11.621.259,48"
17/08/2022,Pago Cheque de Cámara Recibida,CHEQUE,1,"164.601,34",,"-11.620.271,87"
17/08/2022,Impuesto Débitos y Créditos/DB,IMPUESTOS DEBITOS,5,"987,61",,"-11.455.670,53"
17/08/2022,Pago Cheque de Cámara Recibida,CHEQUE,1,"13.826,04",,"-11.454.682,92"
17/08/2022,Impuesto Débitos y Créditos/DB,IMPUESTOS DEBITOS,5,"82,96",,"-11.440.856,88"
17/08/2022,Pago Cheque de Cámara Recibida,CHEQUE,1,"90.870,00",,"-11.440.773,92"
17/08/2022,Impuesto Débitos y Créditos/DB,IMPUESTOS DEBITOS,5,"545,22",,"-11.349.903,92"
17/08/2022,Pago Cheque de Cámara Recibida,CHEQUE,1,"154.120,49",,"-11.349.358,70"
17/08/2022,Impuesto Débitos y Créditos/DB,IMPUESTOS DEBITOS,5,"924,72",,"-11.195.238,21"
17/08/2022,SIPAP - Pago Cámara SPV 24 hs.,CHEQUE,1,"326.749,84",,"-11.194.313,49"
17/08/2022,Impuesto Débitos y Créditos/DB,IMPUESTOS DEBITOS,5,"1.960,50",,"-10.867.563,65"
17/08/2022,SIPAP - Pago Cámara SPV 24 hs.,CHEQUE,1,"101.710,80",,"-10.865.603,15"
17/08/2022,Impuesto Débitos y Créditos/DB,IMPUESTOS DEBITOS,5,"610,26",,"-10.763.892,35"
16/08/2022,Débito Automático de Servicio,TRANSFERENCIA,12,"844.146,35",,"-10.763.282,09"
16/08/2022,Débito Automático de Servicio,TRANSFERENCIA,12,"569.984,54",,"-9.919.135,74"
16/08/2022,Impuesto Débitos y Créditos/DB,IMPUESTOS DEBITOS,5,"5.064,88",,"-9.349.151,20"
16/08/2022,Impuesto Débitos y Créditos/DB,IMPUESTOS DEBITOS,5,"3.419,91",,"-9.344.086,32"
16/08/2022,Credito DEBIN,TRANSFERENCIA,12,,"600.000,00","-9.340.666,41"
16/08/2022,Trf. Masivas Pago Proveedores,TRANSFERENCIA,12,"6.311,47",,"-9.940.666,41"
16/08/2022,Impuesto Débitos y Créditos/DB,IMPUESTOS DEBITOS,5,"37,87",,"-9.934.354,94"
16/08/2022,Trf. Masivas Pago Proveedores,TRANSFERENCIA,12,"166.191,48",,"-9.934.317,07"
16/08/2022,Impuesto Débitos y Créditos/DB,IMPUESTOS DEBITOS,5,"997,15",,"-9.768.125,59"
16/08/2022,Trf. Masivas Pago Proveedores,TRANSFERENCIA,12,"158.688,06",,"-9.767.128,44"
16/08/2022,Impuesto Débitos y Créditos/DB,IMPUESTOS DEBITOS,5,"952,13",,"-9.608.440,38"
16/08/2022,Trf. Masivas Pago Proveedores,TRANSFERENCIA,12,"159.600,00",,"-9.607.488,25"
16/08/2022,Impuesto Débitos y Créditos/DB,IMPUESTOS DEBITOS,5,"957,60",,"-9.447.888,25"
16/08/2022,Trf. Masivas Pago Proveedores,TRANSFERENCIA,12,"159.786,70",,"-9.446.930,65"
16/08/2022,Impuesto Débitos y Créditos/DB,IMPUESTOS DEBITOS,5,"958,72",,"-9.287.143,95"
16/08/2022,Trf. Masivas Pago Proveedores,TRANSFERENCIA,12,"161.038,65",,"-9.286.185,23"
16/08/2022,Impuesto Débitos y Créditos/DB,IMPUESTOS DEBITOS,5,"966,23",,"-9.125.146,58"
16/08/2022,Trf. Masivas Pago Proveedores,TRANSFERENCIA,12,"161.040,96",,"-9.124.180,35"
16/08/2022,Impuesto Débitos y Créditos/DB,IMPUESTOS DEBITOS,5,"966,25",,"-8.963.139,39"
16/08/2022,Trf. Masivas Pago Proveedores,TRANSFERENCIA,12,"163.194,00",,"-8.962.173,14"
16/08/2022,Impuesto Débitos y Créditos/DB,IMPUESTOS DEBITOS,5,"979,16",,"-8.798.979,14"
16/08/2022,Trf. Masivas Pago Proveedores,TRANSFERENCIA,12,"164.496,09",,"-8.797.999,98"
16/08/2022,Impuesto Débitos y Créditos/DB,IMPUESTOS DEBITOS,5,"986,98",,"-8.633.503,89"
16/08/2022,Trf. Masivas Pago Proveedores,TRANSFERENCIA,12,"164.220,00",,"-8.632.516,91"
16/08/2022,Impuesto Débitos y Créditos/DB,IMPUESTOS DEBITOS,5,"985,32",,"-8.468.296,91"
16/08/2022,Trf. Masivas Pago Proveedores,TRANSFERENCIA,12,"164.803,50",,"-8.467.311,59"
16/08/2022,Impuesto Débitos y Créditos/DB,IMPUESTOS DEBITOS,5,"988,82",,"-8.302.508,09"
16/08/2022,Trf. Masivas Pago Proveedores,TRANSFERENCIA,12,"165.630,00",,"-8.301.519,27"
16/08/2022,Impuesto Débitos y Créditos/DB,IMPUESTOS DEBITOS,5,"993,78",,"-8.135.889,27"
16/08/2022,Trf. Masivas Pago Proveedores,TRANSFERENCIA,12,"166.975,00",,"-8.134.895,49"
16/08/2022,Impuesto Débitos y Créditos/DB,IMPUESTOS DEBITOS,5,"1.001,85",,"-7.967.920,49"
16/08/2022,Trf. Masivas Pago Proveedores,TRANSFERENCIA,12,"179.287,80",,"-7.966.918,64"
16/08/2022,Impuesto Débitos y Créditos/DB,IMPUESTOS DEBITOS,5,"1.075,73",,"-7.787.630,84"
16/08/2022,Trf. Masivas Pago Proveedores,TRANSFERENCIA,12,"167.056,50",,"-7.786.555,11"
16/08/2022,Impuesto Débitos y Créditos/DB,IMPUESTOS DEBITOS,5,"1.002,34",,"-7.619.498,61"
16/08/2022,Trf. Masivas Pago Proveedores,TRANSFERENCIA,12,"167.536,00",,"-7.618.496,27"
16/08/2022,Impuesto Débitos y Créditos/DB,IMPUESTOS DEBITOS,5,"1.005,22",,"-7.450.960,27"
16/08/2022,Trf. Masivas Pago Proveedores,TRANSFERENCIA,12,"169.381,50",,"-7.449.955,05"
16/08/2022,Impuesto Débitos y Créditos/DB,IMPUESTOS DEBITOS,5,"1.016,29",,"-7.280.573,55"
16/08/2022,Trf. Masivas Pago Proveedores,TRANSFERENCIA,12,"170.488,00",,"-7.279.557,26"
16/08/2022,Impuesto Débitos y Créditos/DB,IMPUESTOS DEBITOS,5,"1.022,93",,"-7.109.069,26"
16/08/2022,Trf. Masivas Pago Proveedores,TRANSFERENCIA,12,"170.947,45",,"-7.108.046,33"
16/08/2022,Impuesto Débitos y Créditos/DB,IMPUESTOS DEBITOS,5,"1.025,68",,"-6.937.098,88"
16/08/2022,Trf. Masivas Pago Proveedores,TRANSFERENCIA,12,"170.772,00",,"-6.936.073,20"
16/08/2022,Impuesto Débitos y Créditos/DB,IMPUESTOS DEBITOS,5,"1.024,63",,"-6.765.301,20"
16/08/2022,Trf. Masivas Pago Proveedores,TRANSFERENCIA,12,"171.290,70",,"-6.764.276,57"
16/08/2022,Impuesto Débitos y Créditos/DB,IMPUESTOS DEBITOS,5,"1.027,74",,"-6.592.985,87"
16/08/2022,Trf. Masivas Pago Proveedores,TRANSFERENCIA,12,"171.385,50",,"-6.591.958,13"
16/08/2022,Impuesto Débitos y Créditos/DB,IMPUESTOS DEBITOS,5,"1.028,31",,"-6.420.572,63"
16/08/2022,Trf. Masivas Pago Proveedores,TRANSFERENCIA,12,"171.372,00",,"-6.419.544,32"
16/08/2022,Impuesto Débitos y Créditos/DB,IMPUESTOS DEBITOS,5,"1.028,23",,"-6.248.172,32"
16/08/2022,Trf. Masivas Pago Proveedores,TRANSFERENCIA,12,"172.092,75",,"-6.247.144,09"
16/08/2022,Impuesto Débitos y Créditos/DB,IMPUESTOS DEBITOS,5,"1.032,56",,"-6.075.051,34"
16/08/2022,Trf. Masivas Pago Proveedores,TRANSFERENCIA,12,"158.530,27",,"-6.074.018,78"
16/08/2022,Impuesto Débitos y Créditos/DB,IMPUESTOS DEBITOS,5,"951,18",,"-5.915.488,51"
16/08/2022,Trf. Masivas Pago Proveedores,TRANSFERENCIA,12,"156.850,00",,"-5.914.537,33"
16/08/2022,Impuesto Débitos y Créditos/DB,IMPUESTOS DEBITOS,5,"941,10",,"-5.757.687,33"
16/08/2022,Trf. Masivas Pago Proveedores,TRANSFERENCIA,12,"158.163,60",,"-5.756.746,23"
16/08/2022,Impuesto Débitos y Créditos/DB,IMPUESTOS DEBITOS,5,"948,98",,"-5.598.582,63"
16/08/2022,Trf. Masivas Pago Proveedores,TRANSFERENCIA,12,"155.925,54",,"-5.597.633,65"
16/08/2022,Impuesto Débitos y Créditos/DB,IMPUESTOS DEBITOS,5,"935,55",,"-5.441.708,11"
16/08/2022,Trf. Masivas Pago Proveedores,TRANSFERENCIA,12,"129.222,75",,"-5.440.772,56"
16/08/2022,Impuesto Débitos y Créditos/DB,IMPUESTOS DEBITOS,5,"775,34",,"-5.311.549,81"
16/08/2022,Trf. Masivas Pago Proveedores,TRANSFERENCIA,12,"130.038,00",,"-5.310.774,47"
16/08/2022,Impuesto Débitos y Créditos/DB,IMPUESTOS DEBITOS,5,"780,23",,"-5.180.736,47"
16/08/2022,Trf. Masivas Pago Proveedores,TRANSFERENCIA,12,"130.447,41",,"-5.179.956,24"
16/08/2022,Impuesto Débitos y Créditos/DB,IMPUESTOS DEBITOS,5,"782,68",,"-5.049.508,83"
16/08/2022,Trf. Masivas Pago Proveedores,TRANSFERENCIA,12,"132.257,21",,"-5.048.726,15"
16/08/2022,Impuesto Débitos y Créditos/DB,IMPUESTOS DEBITOS,5,"793,54",,"-4.916.468,94"
16/08/2022,Trf. Masivas Pago Proveedores,TRANSFERENCIA,12,"132.650,00",,"-4.915.675,40"
16/08/2022,Impuesto Débitos y Créditos/DB,IMPUESTOS DEBITOS,5,"795,90",,"-4.783.025,40"
16/08/2022,Trf. Masivas Pago Proveedores,TRANSFERENCIA,12,"133.130,00",,"-4.782.229,50"
16/08/2022,Impuesto Débitos y Créditos/DB,IMPUESTOS DEBITOS,5,"798,78",,"-4.649.099,50"
16/08/2022,Trf. Masivas Pago Proveedores,TRANSFERENCIA,12,"134.160,00",,"-4.648.300,72"
16/08/2022,Impuesto Débitos y Créditos/DB,IMPUESTOS DEBITOS,5,"804,96",,"-4.514.140,72"
16/08/2022,Trf. Masivas Pago Proveedores,TRANSFERENCIA,12,"134.666,08",,"-4.513.335,76"
16/08/2022,Impuesto Débitos y Créditos/DB,IMPUESTOS DEBITOS,5,"808,00",,"-4.378.669,68"
16/08/2022,Trf. Masivas Pago Proveedores,TRANSFERENCIA,12,"135.750,00",,"-4.377.861,68"
16/08/2022,Impuesto Débitos y Créditos/DB,IMPUESTOS DEBITOS,5,"814,50",,"-4.242.111,68"
16/08/2022,Trf. Masivas Pago Proveedores,TRANSFERENCIA,12,"141.315,27",,"-4.241.297,18"
16/08/2022,Impuesto Débitos y Créditos/DB,IMPUESTOS DEBITOS,5,"847,89",,"-4.099.981,91"
16/08/2022,Trf. Masivas Pago Proveedores,TRANSFERENCIA,12,"142.347,24",,"-4.099.134,02"
16/08/2022,Impuesto Débitos y Créditos/DB,IMPUESTOS DEBITOS,5,"854,08",,"-3.956.786,78"
16/08/2022,Trf. Masivas Pago Proveedores,TRANSFERENCIA,12,"142.748,35",,"-3.955.932,70"
16/08/2022,Impuesto Débitos y Créditos/DB,IMPUESTOS DEBITOS,5,"856,49",,"-3.813.184,35"
16/08/2022,Trf. Masivas Pago Proveedores,TRANSFERENCIA,12,"143.574,50",,"-3.812.327,86"
16/08/2022,Impuesto Débitos y Créditos/DB,IMPUESTOS DEBITOS,5,"861,45",,"-3.668.753,36"
16/08/2022,Trf. Masivas Pago Proveedores,TRANSFERENCIA,12,"143.640,00",,"-3.667.891,91"
16/08/2022,Impuesto Débitos y Créditos/DB,IMPUESTOS DEBITOS,5,"861,84",,"-3.524.251,91"
16/08/2022,Trf. Masivas Pago Proveedores,TRANSFERENCIA,12,"144.384,19",,"-3.523.390,07"
16/08/2022,Impuesto Débitos y Créditos/DB,IMPUESTOS DEBITOS,5,"866,31",,"-3.379.005,88"
16/08/2022,Trf. Masivas Pago Proveedores,TRANSFERENCIA,12,"144.603,81",,"-3.378.139,57"
16/08/2022,Impuesto Débitos y Créditos/DB,IMPUESTOS DEBITOS,5,"867,62",,"-3.233.535,76"
16/08/2022,Trf. Masivas Pago Proveedores,TRANSFERENCIA,12,"144.660,00",,"-3.232.668,14"
16/08/2022,Impuesto Débitos y Créditos/DB,IMPUESTOS DEBITOS,5,"867,96",,"-3.088.008,14"
16/08/2022,Trf. Masivas Pago Proveedores,TRANSFERENCIA,12,"144.876,60",,"-3.087.140,18"
16/08/2022,Impuesto Débitos y Créditos/DB,IMPUESTOS DEBITOS,5,"869,26",,"-2.942.263,58"
16/08/2022,Trf. Masivas Pago Proveedores,TRANSFERENCIA,12,"145.760,00",,"-2.941.394,32"
16/08/2022,Impuesto Débitos y Créditos/DB,IMPUESTOS DEBITOS,5,"874,56",,"-2.795.634,32"
16/08/2022,Trf. Masivas Pago Proveedores,TRANSFERENCIA,12,"146.130,66",,"-2.794.759,76"
16/08/2022,Impuesto Débitos y Créditos/DB,IMPUESTOS DEBITOS,5,"876,78",,"-2.648.629,10"
16/08/2022,Trf. Masivas Pago Proveedores,TRANSFERENCIA,12,"152.798,20",,"-2.647.752,32"
16/08/2022,Impuesto Débitos y Créditos/DB,IMPUESTOS DEBITOS,5,"916,79",,"-2.494.954,12"
16/08/2022,Trf. Masivas Pago Proveedores,TRANSFERENCIA,12,"175.889,10",,"-2.494.037,33"
16/08/2022,Impuesto Débitos y Créditos/DB,IMPUESTOS DEBITOS,5,"1.055,33",,"-2.318.148,23"
16/08/2022,Trf. Masivas Pago Proveedores,TRANSFERENCIA,12,"180.758,40",,"-2.317.092,90"
16/08/2022,Impuesto Débitos y Créditos/DB,IMPUESTOS DEBITOS,5,"1.084,55",,"-2.136.334,50"
16/08/2022,Trf. Masivas Pago Proveedores,TRANSFERENCIA,12,"314.895,00",,"-2.135.249,95"
16/08/2022,Impuesto Débitos y Créditos/DB,IMPUESTOS DEBITOS,5,"1.889,37",,"-1.820.354,95"
16/08/2022,Trf. Masivas Pago Proveedores,TRANSFERENCIA,12,"8.000,00",,"-1.818.465,58"
16/08/2022,Impuesto Débitos y Créditos/DB,IMPUESTOS DEBITOS,5,"48,00",,"-1.810.465,58"
16/08/2022,Trf. Masivas Pago Proveedores,TRANSFERENCIA,12,"257.944,88",,"-1.810.417,58"
16/08/2022,Impuesto Débitos y Créditos/DB,IMPUESTOS DEBITOS,5,"1.547,67",,"-1.552.472,70"
16/08/2022,Trf. Masivas Pago Proveedores,TRANSFERENCIA,12,"258.900,60",,"-1.550.925,03"
16/08/2022,Impuesto Débitos y Créditos/DB,IMPUESTOS DEBITOS,5,"1.553,40",,"-1.292.024,43"
16/08/2022,Trf. Masivas Pago Proveedores,TRANSFERENCIA,12,"262.806,60",,"-1.290.471,03"
16/08/2022,Impuesto Débitos y Créditos/DB,IMPUESTOS DEBITOS,5,"1.576,84",,"-1.027.664,43"
16/08/2022,Trf. Masivas Pago Proveedores,TRANSFERENCIA,12,"274.988,11",,"-1.026.087,59"
16/08/2022,Impuesto Débitos y Créditos/DB,IMPUESTOS DEBITOS,5,"1.649,93",,"-751.099,48"
16/08/2022,Trf. Masivas Pago Proveedores,TRANSFERENCIA,12,"277.395,45",,"-749.449,55"
16/08/2022,Impuesto Débitos y Créditos/DB,IMPUESTOS DEBITOS,5,"1.664,37",,"-472.054,10"
16/08/2022,Trf. Masivas Pago Proveedores,TRANSFERENCIA,12,"289.438,63",,"-470.389,73"
16/08/2022,Impuesto Débitos y Créditos/DB,IMPUESTOS DEBITOS,5,"1.736,63",,"-180.951,10"
16/08/2022,Trf. Masivas Pago Proveedores,TRANSFERENCIA,12,"280.725,00",,"-179.214,47"
16/08/2022,Impuesto Débitos y Créditos/DB,IMPUESTOS DEBITOS,5,"1.684,35",,"101.510,53"
16/08/2022,Trf. Masivas Pago Proveedores,TRANSFERENCIA,12,"293.638,83",,"103.194,88"
16/08/2022,Impuesto Débitos y Créditos/DB,IMPUESTOS DEBITOS,5,"1.761,83",,"396.833,71"
16/08/2022,Trf. Masivas Pago Proveedores,TRANSFERENCIA,12,"301.069,51",,"398.595,54"
16/08/2022,Impuesto Débitos y Créditos/DB,IMPUESTOS DEBITOS,5,"1.806,42",,"699.665,05"
16/08/2022,Trf. Masivas Pago Proveedores,TRANSFERENCIA,12,"369.138,00",,"701.471,47"
16/08/2022,Impuesto Débitos y Créditos/DB,IMPUESTOS DEBITOS,5,"2.214,83",,"1.070.609,47"
16/08/2022,Trf. Masivas Pago Proveedores,TRANSFERENCIA,12,"187.590,63",,"1.072.824,30"
16/08/2022,Impuesto Débitos y Créditos/DB,IMPUESTOS DEBITOS,5,"1.125,54",,"1.260.414,93"
16/08/2022,Trf. Masivas Pago Proveedores,TRANSFERENCIA,12,"392.775,65",,"1.261.540,47"
16/08/2022,Impuesto Débitos y Créditos/DB,IMPUESTOS DEBITOS,5,"2.356,65",,"1.654.316,12"
16/08/2022,Trf. Masivas Pago Proveedores,TRANSFERENCIA,12,"408.173,42",,"1.656.672,77"
16/08/2022,Impuesto Débitos y Créditos/DB,IMPUESTOS DEBITOS,5,"2.449,04",,"2.064.846,19"
16/08/2022,Trf. Masivas Pago Proveedores,TRANSFERENCIA,12,"394.795,05",,"2.067.295,23"
16/08/2022,Impuesto Débitos y Créditos/DB,IMPUESTOS DEBITOS,5,"2.368,77",,"2.462.090,28"
16/08/2022,Trf. Masivas Pago Proveedores,TRANSFERENCIA,12,"412.093,85",,"2.464.459,05"
16/08/2022,Impuesto Débitos y Créditos/DB,IMPUESTOS DEBITOS,5,"2.472,56",,"2.876.552,90"
16/08/2022,Trf. Masivas Pago Proveedores,TRANSFERENCIA,12,"431.188,20",,"2.879.025,46"
16/08/2022,Impuesto Débitos y Créditos/DB,IMPUESTOS DEBITOS,5,"2.587,13",,"3.310.213,66"
16/08/2022,Trf. Masivas Pago Proveedores,TRANSFERENCIA,12,"435.827,70",,"3.312.800,79"
16/08/2022,Impuesto Débitos y Créditos/DB,IMPUESTOS DEBITOS,5,"2.614,97",,"3.748.628,49"
16/08/2022,Trf. Masivas Pago Proveedores,TRANSFERENCIA,12,"463.192,42",,"3.751.243,46"
16/08/2022,Impuesto Débitos y Créditos/DB,IMPUESTOS DEBITOS,5,"2.779,15",,"4.214.435,88"
16/08/2022,Trf. Masivas Pago Proveedores,TRANSFERENCIA,12,"474.554,74",,"4.217.215,03"
16/08/2022,Impuesto Débitos y Créditos/DB,IMPUESTOS DEBITOS,5,"2.847,33",,"4.691.769,77"
16/08/2022,Trf. Masivas Pago Proveedores,TRANSFERENCIA,12,"520.140,94",,"4.694.617,10"
16/08/2022,Impuesto Débitos y Créditos/DB,IMPUESTOS DEBITOS,5,"3.120,85",,"5.214.758,04"
16/08/2022,Trf. Masivas Pago Proveedores,TRANSFERENCIA,12,"548.187,51",,"5.217.878,89"
16/08/2022,Impuesto Débitos y Créditos/DB,IMPUESTOS DEBITOS,5,"3.289,13",,"5.766.066,40"
16/08/2022,Trf. Masivas Pago Proveedores,TRANSFERENCIA,12,"246.007,20",,"5.769.355,53"
16/08/2022,Impuesto Débitos y Créditos/DB,IMPUESTOS DEBITOS,5,"1.476,04",,"6.015.362,73"
16/08/2022,Trf. Masivas Pago Proveedores,TRANSFERENCIA,12,"244.776,00",,"6.016.838,77"
16/08/2022,Impuesto Débitos y Créditos/DB,IMPUESTOS DEBITOS,5,"1.468,66",,"6.261.614,77"
16/08/2022,Trf. Masivas Pago Proveedores,TRANSFERENCIA,12,"241.449,89",,"6.263.083,43"
16/08/2022,Impuesto Débitos y Créditos/DB,IMPUESTOS DEBITOS,5,"1.448,70",,"6.504.533,32"
16/08/2022,Trf. Masivas Pago Proveedores,TRANSFERENCIA,12,"237.610,39",,"6.505.982,02"
16/08/2022,Impuesto Débitos y Créditos/DB,IMPUESTOS DEBITOS,5,"1.425,66",,"6.743.592,41"
16/08/2022,Trf. Masivas Pago Proveedores,TRANSFERENCIA,12,"189.516,23",,"6.745.018,07"
16/08/2022,Impuesto Débitos y Créditos/DB,IMPUESTOS DEBITOS,5,"1.137,10",,"6.934.534,30"
16/08/2022,Trf. Masivas Pago Proveedores,TRANSFERENCIA,12,"190.822,90",,"6.935.671,40"
16/08/2022,Impuesto Débitos y Créditos/DB,IMPUESTOS DEBITOS,5,"1.144,94",,"7.126.494,30"
16/08/2022,Trf. Masivas Pago Proveedores,TRANSFERENCIA,12,"194.483,50",,"7.127.639,24"
16/08/2022,Impuesto Débitos y Créditos/DB,IMPUESTOS DEBITOS,5,"1.166,90",,"7.322.122,74"
16/08/2022,Trf. Masivas Pago Proveedores,TRANSFERENCIA,12,"195.375,00",,"7.323.289,64"
16/08/2022,Impuesto Débitos y Créditos/DB,IMPUESTOS DEBITOS,5,"1.172,25",,"7.518.664,64"
16/08/2022,Trf. Masivas Pago Proveedores,TRANSFERENCIA,12,"195.386,67",,"7.519.836,89"
16/08/2022,Impuesto Débitos y Créditos/DB,IMPUESTOS DEBITOS,5,"1.172,32",,"7.715.223,56"
16/08/2022,Trf. Masivas Pago Proveedores,TRANSFERENCIA,12,"197.328,24",,"7.716.395,88"
16/08/2022,Impuesto Débitos y Créditos/DB,IMPUESTOS DEBITOS,5,"1.183,97",,"7.913.724,12"
16/08/2022,Trf. Masivas Pago Proveedores,TRANSFERENCIA,12,"198.633,60",,"7.914.908,09"
16/08/2022,Impuesto Débitos y Créditos/DB,IMPUESTOS DEBITOS,5,"1.191,80",,"8.113.541,69"
16/08/2022,Trf. Masivas Pago Proveedores,TRANSFERENCIA,12,"198.918,38",,"8.114.733,49"
16/08/2022,Impuesto Débitos y Créditos/DB,IMPUESTOS DEBITOS,5,"1.193,51",,"8.313.651,87"
16/08/2022,Trf. Masivas Pago Proveedores,TRANSFERENCIA,12,"200.617,72",,"8.314.845,38"
16/08/2022,Impuesto Débitos y Créditos/DB,IMPUESTOS DEBITOS,5,"1.203,71",,"8.515.463,10"
16/08/2022,Trf. Masivas Pago Proveedores,TRANSFERENCIA,12,"204.469,50",,"8.516.666,81"
16/08/2022,Impuesto Débitos y Créditos/DB,IMPUESTOS DEBITOS,5,"1.226,82",,"8.721.136,31"
16/08/2022,Trf. Masivas Pago Proveedores,TRANSFERENCIA,12,"210.257,51",,"8.722.363,13"
16/08/2022,Impuesto Débitos y Créditos/DB,IMPUESTOS DEBITOS,5,"1.261,55",,"8.932.620,64"
16/08/2022,Trf. Masivas Pago Proveedores,TRANSFERENCIA,12,"215.184,00",,"8.933.882,19"
16/08/2022,Impuesto Débitos y Créditos/DB,IMPUESTOS DEBITOS,5,"1.291,10",,"9.149.066,19"
16/08/2022,Trf. Masivas Pago Proveedores,TRANSFERENCIA,12,"218.459,10",,"9.150.357,29"
16/08/2022,Impuesto Débitos y Créditos/DB,IMPUESTOS DEBITOS,5,"1.310,75",,"9.368.816,39"
16/08/2022,Trf. Masivas Pago Proveedores,TRANSFERENCIA,12,"222.863,79",,"9.370.127,14"
16/08/2022,Impuesto Débitos y Créditos/DB,IMPUESTOS DEBITOS,5,"1.337,18",,"9.592.990,93"
16/08/2022,Trf. Masivas Pago Proveedores,TRANSFERENCIA,12,"223.064,82",,"9.594.328,11"
16/08/2022,Impuesto Débitos y Créditos/DB,IMPUESTOS DEBITOS,5,"1.338,39",,"9.817.392,93"
16/08/2022,Trf. Masivas Pago Proveedores,TRANSFERENCIA,12,"223.484,25",,"9.818.731,32"
16/08/2022,Impuesto Débitos y Créditos/DB,IMPUESTOS DEBITOS,5,"1.340,91",,"10.042.215,57"
16/08/2022,Trf. Masivas Pago Proveedores,TRANSFERENCIA,12,"223.906,00",,"10.043.556,48"
16/08/2022,Impuesto Débitos y Créditos/DB,IMPUESTOS DEBITOS,5,"1.343,44",,"10.267.462,48"
16/08/2022,Trf. Masivas Pago Proveedores,TRANSFERENCIA,12,"226.703,43",,"10.268.805,92"
16/08/2022,Impuesto Débitos y Créditos/DB,IMPUESTOS DEBITOS,5,"1.360,22",,"10.495.509,35"
16/08/2022,Trf. Masivas Pago Proveedores,TRANSFERENCIA,12,"228.387,60",,"10.496.869,57"
16/08/2022,Impuesto Débitos y Créditos/DB,IMPUESTOS DEBITOS,5,"1.370,33",,"10.725.257,17"
16/08/2022,Trf. Masivas Pago Proveedores,TRANSFERENCIA,12,"234.844,20",,"10.726.627,50"
16/08/2022,Impuesto Débitos y Créditos/DB,IMPUESTOS DEBITOS,5,"1.409,07",,"10.961.471,70"
16/08/2022,Trf. Masivas Pago Proveedores,TRANSFERENCIA,12,"233.359,94",,"10.962.880,77"
16/08/2022,Impuesto Débitos y Créditos/DB,IMPUESTOS DEBITOS,5,"1.400,16",,"11.196.240,71"
16/08/2022,Trf. Masivas Pago Proveedores,TRANSFERENCIA,12,"127.968,24",,"11.197.640,87"
16/08/2022,Impuesto Débitos y Créditos/DB,IMPUESTOS DEBITOS,5,"767,81",,"11.325.609,11"
16/08/2022,Trf. Masivas Pago Proveedores,TRANSFERENCIA,12,"125.793,59",,"11.326.376,92"
16/08/2022,Impuesto Débitos y Créditos/DB,IMPUESTOS DEBITOS,5,"754,76",,"11.452.170,51"
16/08/2022,Trf. Masivas Pago Proveedores,TRANSFERENCIA,12,"125.100,00",,"11.452.925,27"
16/08/2022,Impuesto Débitos y Créditos/DB,IMPUESTOS DEBITOS,5,"750,60",,"11.578.025,27"
16/08/2022,Trf. Masivas Pago Proveedores,TRANSFERENCIA,12,"66.733,00",,"11.578.775,87"
16/08/2022,Impuesto Débitos y Créditos/DB,IMPUESTOS DEBITOS,5,"400,40",,"11.645.508,87"
16/08/2022,Trf. Masivas Pago Proveedores,TRANSFERENCIA,12,"55.849,63",,"11.645.909,27"
16/08/2022,Impuesto Débitos y Créditos/DB,IMPUESTOS DEBITOS,5,"335,10",,"11.701.758,90"
16/08/2022,Trf. Masivas Pago Proveedores,TRANSFERENCIA,12,"57.698,00",,"11.702.094,00"
16/08/2022,Impuesto Débitos y Créditos/DB,IMPUESTOS DEBITOS,5,"346,19",,"11.759.792,00"
16/08/2022,Trf. Masivas Pago Proveedores,TRANSFERENCIA,12,"58.633,11",,"11.760.138,19"
16/08/2022,Impuesto Débitos y Créditos/DB,IMPUESTOS DEBITOS,5,"351,80",,"11.818.771,30"
16/08/2022,Trf. Masivas Pago Proveedores,TRANSFERENCIA,12,"58.520,00",,"11.819.123,10"
16/08/2022,Impuesto Débitos y Créditos/DB,IMPUESTOS DEBITOS,5,"351,12",,"11.877.643,10"
16/08/2022,Trf. Masivas Pago Proveedores,TRANSFERENCIA,12,"59.194,74",,"11.877.994,22"
16/08/2022,Impuesto Débitos y Créditos/DB,IMPUESTOS DEBITOS,5,"355,17",,"11.937.188,96"
16/08/2022,Trf. Masivas Pago Proveedores,TRANSFERENCIA,12,"62.766,00",,"11.937.544,13"
16/08/2022,Impuesto Débitos y Créditos/DB,IMPUESTOS DEBITOS,5,"376,60",,"12.000.310,13"
16/08/2022,Trf. Masivas Pago Proveedores,TRANSFERENCIA,12,"64.938,69",,"12.000.686,73"
16/08/2022,Impuesto Débitos y Créditos/DB,IMPUESTOS DEBITOS,5,"389,63",,"12.065.625,42"
16/08/2022,Trf. Masivas Pago Proveedores,TRANSFERENCIA,12,"65.610,00",,"12.066.015,05"
16/08/2022,Impuesto Débitos y Créditos/DB,IMPUESTOS DEBITOS,5,"393,66",,"12.131.625,05"
16/08/2022,Trf. Masivas Pago Proveedores,TRANSFERENCIA,12,"66.332,85",,"12.132.018,71"
16/08/2022,Impuesto Débitos y Créditos/DB,IMPUESTOS DEBITOS,5,"398,00",,"12.198.351,56"
16/08/2022,Trf. Masivas Pago Proveedores,TRANSFERENCIA,12,"69.366,00",,"12.198.749,56"
16/08/2022,Impuesto Débitos y Créditos/DB,IMPUESTOS DEBITOS,5,"416,20",,"12.268.115,56"
16/08/2022,Trf. Masivas Pago Proveedores,TRANSFERENCIA,12,"120.654,00",,"12.268.531,76"
16/08/2022,Impuesto Débitos y Créditos/DB,IMPUESTOS DEBITOS,5,"723,92",,"12.389.185,76"
16/08/2022,Trf. Masivas Pago Proveedores,TRANSFERENCIA,12,"69.740,00",,"12.389.909,68"
16/08/2022,Impuesto Débitos y Créditos/DB,IMPUESTOS DEBITOS,5,"418,44",,"12.459.649,68"
16/08/2022,Trf. Masivas Pago Proveedores,TRANSFERENCIA,12,"69.960,61",,"12.460.068,12"
16/08/2022,Impuesto Débitos y Créditos/DB,IMPUESTOS DEBITOS,5,"419,76",,"12.530.028,73"
16/08/2022,Trf. Masivas Pago Proveedores,TRANSFERENCIA,12,"71.753,37",,"12.530.448,49"
16/08/2022,Impuesto Débitos y Créditos/DB,IMPUESTOS DEBITOS,5,"430,52",,"12.602.201,86"
16/08/2022,Trf. Masivas Pago Proveedores,TRANSFERENCIA,12,"70.392,00",,"12.602.632,38"
16/08/2022,Impuesto Débitos y Créditos/DB,IMPUESTOS DEBITOS,5,"422,35",,"12.673.024,38"
16/08/2022,Trf. Masivas Pago Proveedores,TRANSFERENCIA,12,"73.166,00",,"12.673.446,73"
16/08/2022,Impuesto Débitos y Créditos/DB,IMPUESTOS DEBITOS,5,"439,00",,"12.746.612,73"
16/08/2022,Trf. Masivas Pago Proveedores,TRANSFERENCIA,12,"74.050,00",,"12.747.051,73"
16/08/2022,Impuesto Débitos y Créditos/DB,IMPUESTOS DEBITOS,5,"444,30",,"12.821.101,73"
16/08/2022,Trf. Masivas Pago Proveedores,TRANSFERENCIA,12,"74.298,55",,"12.821.546,03"
16/08/2022,Impuesto Débitos y Créditos/DB,IMPUESTOS DEBITOS,5,"445,79",,"12.895.844,58"
16/08/2022,Trf. Masivas Pago Proveedores,TRANSFERENCIA,12,"74.336,00",,"12.896.290,37"
16/08/2022,Impuesto Débitos y Créditos/DB,IMPUESTOS DEBITOS,5,"446,02",,"12.970.626,37"
16/08/2022,Trf. Masivas Pago Proveedores,TRANSFERENCIA,12,"74.749,68",,"12.971.072,39"
16/08/2022,Impuesto Débitos y Créditos/DB,IMPUESTOS DEBITOS,5,"448,50",,"13.045.822,07"
16/08/2022,Trf. Masivas Pago Proveedores,TRANSFERENCIA,12,"55.792,00",,"13.046.270,57"
16/08/2022,Impuesto Débitos y Créditos/DB,IMPUESTOS DEBITOS,5,"334,75",,"13.102.062,57"
16/08/2022,Trf. Masivas Pago Proveedores,TRANSFERENCIA,12,"54.754,00",,"13.102.397,32"
16/08/2022,Impuesto Débitos y Créditos/DB,IMPUESTOS DEBITOS,5,"328,52",,"13.157.151,32"
16/08/2022,Trf. Masivas Pago Proveedores,TRANSFERENCIA,12,"51.216,76",,"13.157.479,84"
16/08/2022,Impuesto Débitos y Créditos/DB,IMPUESTOS DEBITOS,5,"307,30",,"13.208.696,60"
16/08/2022,Trf. Masivas Pago Proveedores,TRANSFERENCIA,12,"53.781,00",,"13.209.003,90"
16/08/2022,Impuesto Débitos y Créditos/DB,IMPUESTOS DEBITOS,5,"322,69",,"13.262.784,90"
16/08/2022,Trf. Masivas Pago Proveedores,TRANSFERENCIA,12,"27.252,00",,"13.263.107,59"
16/08/2022,Impuesto Débitos y Créditos/DB,IMPUESTOS DEBITOS,5,"163,51",,"13.290.359,59"
16/08/2022,Trf. Masivas Pago Proveedores,TRANSFERENCIA,12,"29.587,50",,"13.290.523,10"
16/08/2022,Impuesto Débitos y Créditos/DB,IMPUESTOS DEBITOS,5,"177,53",,"13.320.110,60"
16/08/2022,Trf. Masivas Pago Proveedores,TRANSFERENCIA,12,"29.816,00",,"13.320.288,13"
16/08/2022,Impuesto Débitos y Créditos/DB,IMPUESTOS DEBITOS,5,"178,90",,"13.350.104,13"
16/08/2022,Trf. Masivas Pago Proveedores,TRANSFERENCIA,12,"33.305,22",,"13.350.283,03"
16/08/2022,Impuesto Débitos y Créditos/DB,IMPUESTOS DEBITOS,5,"199,83",,"13.383.588,25"
16/08/2022,Trf. Masivas Pago Proveedores,TRANSFERENCIA,12,"30.820,39",,"13.383.788,08"
16/08/2022,Impuesto Débitos y Créditos/DB,IMPUESTOS DEBITOS,5,"184,92",,"13.414.608,47"
16/08/2022,Trf. Masivas Pago Proveedores,TRANSFERENCIA,12,"33.350,00",,"13.414.793,39"
16/08/2022,Impuesto Débitos y Créditos/DB,IMPUESTOS DEBITOS,5,"200,10",,"13.448.143,39"
16/08/2022,Trf. Masivas Pago Proveedores,TRANSFERENCIA,12,"33.460,00",,"13.448.343,49"
16/08/2022,Impuesto Débitos y Créditos/DB,IMPUESTOS DEBITOS,5,"200,76",,"13.481.803,49"
16/08/2022,Trf. Masivas Pago Proveedores,TRANSFERENCIA,12,"37.183,76",,"13.482.004,25"
16/08/2022,Impuesto Débitos y Créditos/DB,IMPUESTOS DEBITOS,5,"223,10",,"13.519.188,01"
16/08/2022,Trf. Masivas Pago Proveedores,TRANSFERENCIA,12,"38.064,60",,"13.519.411,11"
16/08/2022,Impuesto Débitos y Créditos/DB,IMPUESTOS DEBITOS,5,"228,39",,"13.557.475,71"
16/08/2022,Trf. Masivas Pago Proveedores,TRANSFERENCIA,12,"38.256,97",,"13.557.704,10"
16/08/2022,Impuesto Débitos y Créditos/DB,IMPUESTOS DEBITOS,5,"229,54",,"13.595.961,07"
16/08/2022,Trf. Masivas Pago Proveedores,TRANSFERENCIA,12,"39.285,00",,"13.596.190,61"
16/08/2022,Impuesto Débitos y Créditos/DB,IMPUESTOS DEBITOS,5,"235,71",,"13.635.475,61"
16/08/2022,Trf. Masivas Pago Proveedores,TRANSFERENCIA,12,"40.218,00",,"13.635.711,32"
16/08/2022,Impuesto Débitos y Créditos/DB,IMPUESTOS DEBITOS,5,"241,31",,"13.675.929,32"
16/08/2022,Trf. Masivas Pago Proveedores,TRANSFERENCIA,12,"40.647,00",,"13.676.170,63"
16/08/2022,Impuesto Débitos y Créditos/DB,IMPUESTOS DEBITOS,5,"243,88",,"13.716.817,63"
16/08/2022,Trf. Masivas Pago Proveedores,TRANSFERENCIA,12,"40.727,50",,"13.717.061,51"
16/08/2022,Impuesto Débitos y Créditos/DB,IMPUESTOS DEBITOS,5,"244,37",,"13.757.789,01"
16/08/2022,Trf. Masivas Pago Proveedores,TRANSFERENCIA,12,"41.000,00",,"13.758.033,38"
16/08/2022,Impuesto Débitos y Créditos/DB,IMPUESTOS DEBITOS,5,"246,00",,"13.799.033,38"
16/08/2022,Trf. Masivas Pago Proveedores,TRANSFERENCIA,12,"41.739,50",,"13.799.279,38"
16/08/2022,Impuesto Débitos y Créditos/DB,IMPUESTOS DEBITOS,5,"250,44",,"13.841.018,88"
16/08/2022,Trf. Masivas Pago Proveedores,TRANSFERENCIA,12,"45.749,00",,"13.841.269,32"
16/08/2022,Impuesto Débitos y Créditos/DB,IMPUESTOS DEBITOS,5,"274,49",,"13.887.018,32"
16/08/2022,Trf. Masivas Pago Proveedores,TRANSFERENCIA,12,"48.818,00",,"13.887.292,81"
16/08/2022,Impuesto Débitos y Créditos/DB,IMPUESTOS DEBITOS,5,"292,91",,"13.936.110,81"
16/08/2022,Trf. Masivas Pago Proveedores,TRANSFERENCIA,12,"75.314,64",,"13.936.403,72"
16/08/2022,Impuesto Débitos y Créditos/DB,IMPUESTOS DEBITOS,5,"451,89",,"14.011.718,36"
16/08/2022,Trf. Masivas Pago Proveedores,TRANSFERENCIA,12,"49.856,00",,"14.012.170,25"
16/08/2022,Impuesto Débitos y Créditos/DB,IMPUESTOS DEBITOS,5,"299,14",,"14.062.026,25"
16/08/2022,Trf. Masivas Pago Proveedores,TRANSFERENCIA,12,"75.855,10",,"14.062.325,39"
16/08/2022,Impuesto Débitos y Créditos/DB,IMPUESTOS DEBITOS,5,"455,13",,"14.138.180,49"
16/08/2022,Trf. Masivas Pago Proveedores,TRANSFERENCIA,12,"75.962,00",,"14.138.635,62"
16/08/2022,Impuesto Débitos y Créditos/DB,IMPUESTOS DEBITOS,5,"455,77",,"14.214.597,62"
16/08/2022,Trf. Masivas Pago Proveedores,TRANSFERENCIA,12,"99.748,00",,"14.215.053,39"
16/08/2022,Impuesto Débitos y Créditos/DB,IMPUESTOS DEBITOS,5,"598,49",,"14.314.801,39"
16/08/2022,Trf. Masivas Pago Proveedores,TRANSFERENCIA,12,"100.890,00",,"14.315.399,88"
16/08/2022,Impuesto Débitos y Créditos/DB,IMPUESTOS DEBITOS,5,"605,34",,"14.416.289,88"
16/08/2022,Trf. Masivas Pago Proveedores,TRANSFERENCIA,12,"104.635,40",,"14.416.895,22"
16/08/2022,Impuesto Débitos y Créditos/DB,IMPUESTOS DEBITOS,5,"627,81",,"14.521.530,62"
16/08/2022,Trf. Masivas Pago Proveedores,TRANSFERENCIA,12,"107.080,00",,"14.522.158,43"
16/08/2022,Impuesto Débitos y Créditos/DB,IMPUESTOS DEBITOS,5,"642,48",,"14.629.238,43"
16/08/2022,Trf. Masivas Pago Proveedores,TRANSFERENCIA,12,"107.248,00",,"14.629.880,91"
16/08/2022,Impuesto Débitos y Créditos/DB,IMPUESTOS DEBITOS,5,"643,49",,"14.737.128,91"
16/08/2022,Trf. Masivas Pago Proveedores,TRANSFERENCIA,12,"107.248,00",,"14.737.772,40"
16/08/2022,Impuesto Débitos y Créditos/DB,IMPUESTOS DEBITOS,5,"643,49",,"14.845.020,40"
16/08/2022,Trf. Masivas Pago Proveedores,TRANSFERENCIA,12,"108.079,72",,"14.845.663,89"
16/08/2022,Impuesto Débitos y Créditos/DB,IMPUESTOS DEBITOS,5,"648,48",,"14.953.743,61"
16/08/2022,Trf. Masivas Pago Proveedores,TRANSFERENCIA,12,"110.999,65",,"14.954.392,09"
16/08/2022,Impuesto Débitos y Créditos/DB,IMPUESTOS DEBITOS,5,"666,00",,"15.065.391,74"
16/08/2022,Trf. Masivas Pago Proveedores,TRANSFERENCIA,12,"111.458,76",,"15.066.057,74"
16/08/2022,Impuesto Débitos y Créditos/DB,IMPUESTOS DEBITOS,5,"668,75",,"15.177.516,50"
16/08/2022,Trf. Masivas Pago Proveedores,TRANSFERENCIA,12,"111.720,00",,"15.178.185,25"
16/08/2022,Impuesto Débitos y Créditos/DB,IMPUESTOS DEBITOS,5,"670,32",,"15.289.905,25"
16/08/2022,Trf. Masivas Pago Proveedores,TRANSFERENCIA,12,"115.501,84",,"15.290.575,57"
16/08/2022,Impuesto Débitos y Créditos/DB,IMPUESTOS DEBITOS,5,"693,01",,"15.406.077,41"
16/08/2022,Trf. Masivas Pago Proveedores,TRANSFERENCIA,12,"115.863,21",,"15.406.770,42"
16/08/2022,Impuesto Débitos y Créditos/DB,IMPUESTOS DEBITOS,5,"695,18",,"15.522.633,63"
16/08/2022,Trf. Masivas Pago Proveedores,TRANSFERENCIA,12,"116.232,97",,"15.523.328,81"
16/08/2022,Impuesto Débitos y Créditos/DB,IMPUESTOS DEBITOS,5,"697,40",,"15.639.561,78"
16/08/2022,Trf. Masivas Pago Proveedores,TRANSFERENCIA,12,"117.746,90",,"15.640.259,18"
16/08/2022,Impuesto Débitos y Créditos/DB,IMPUESTOS DEBITOS,5,"706,48",,"15.758.006,08"
16/08/2022,Trf. Masivas Pago Proveedores,TRANSFERENCIA,12,"117.770,02",,"15.758.712,56"
16/08/2022,Impuesto Débitos y Créditos/DB,IMPUESTOS DEBITOS,5,"706,62",,"15.876.482,58"
16/08/2022,Trf. Masivas Pago Proveedores,TRANSFERENCIA,12,"120.450,00",,"15.877.189,20"
16/08/2022,Impuesto Débitos y Créditos/DB,IMPUESTOS DEBITOS,5,"722,70",,"15.997.639,20"
16/08/2022,Trf. Masivas Pago Proveedores,TRANSFERENCIA,12,"120.400,00",,"15.998.361,90"
16/08/2022,Impuesto Débitos y Créditos/DB,IMPUESTOS DEBITOS,5,"722,40",,"16.118.761,90"
16/08/2022,Trf. Masivas Pago Proveedores,TRANSFERENCIA,12,"120.530,51",,"16.119.484,30"
16/08/2022,Impuesto Débitos y Créditos/DB,IMPUESTOS DEBITOS,5,"723,18",,"16.240.014,81"
16/08/2022,Trf. Masivas Pago Proveedores,TRANSFERENCIA,12,"120.654,00",,"16.240.737,99"
16/08/2022,Impuesto Débitos y Créditos/DB,IMPUESTOS DEBITOS,5,"723,92",,"16.361.391,99"
16/08/2022,Trf. Masivas Pago Proveedores,TRANSFERENCIA,12,"120.654,00",,"16.362.115,91"
16/08/2022,Impuesto Débitos y Créditos/DB,IMPUESTOS DEBITOS,5,"723,92",,"16.482.769,91"
16/08/2022,Trf. Masivas Pago Proveedores,TRANSFERENCIA,12,"120.654,00",,"16.483.493,83"
16/08/2022,Impuesto Débitos y Créditos/DB,IMPUESTOS DEBITOS,5,"723,92",,"16.604.147,83"
16/08/2022,Trf. Masivas Pago Proveedores,TRANSFERENCIA,12,"120.654,00",,"16.604.871,75"
16/08/2022,Impuesto Débitos y Créditos/DB,IMPUESTOS DEBITOS,5,"723,92",,"16.725.525,75"
16/08/2022,Trf. Masivas Pago Proveedores,TRANSFERENCIA,12,"100.076,00",,"16.726.249,67"
16/08/2022,Impuesto Débitos y Créditos/DB,IMPUESTOS DEBITOS,5,"600,46",,"16.826.325,67"
16/08/2022,Trf. Masivas Pago Proveedores,TRANSFERENCIA,12,"99.556,90",,"16.826.926,13"
16/08/2022,Impuesto Débitos y Créditos/DB,IMPUESTOS DEBITOS,5,"597,34",,"16.926.483,03"
16/08/2022,Trf. Masivas Pago Proveedores,TRANSFERENCIA,12,"97.771,10",,"16.927.080,37"
16/08/2022,Impuesto Débitos y Créditos/DB,IMPUESTOS DEBITOS,5,"586,63",,"17.024.851,47"
16/08/2022,Trf. Masivas Pago Proveedores,TRANSFERENCIA,12,"76.714,00",,"17.025.438,10"
16/08/2022,Impuesto Débitos y Créditos/DB,IMPUESTOS DEBITOS,5,"460,28",,"17.102.152,10"
16/08/2022,Trf. Masivas Pago Proveedores,TRANSFERENCIA,12,"77.706,00",,"17.102.612,38"
16/08/2022,Impuesto Débitos y Créditos/DB,IMPUESTOS DEBITOS,5,"466,24",,"17.180.318,38"
16/08/2022,Trf. Masivas Pago Proveedores,TRANSFERENCIA,12,"78.358,10",,"17.180.784,62"
16/08/2022,Impuesto Débitos y Créditos/DB,IMPUESTOS DEBITOS,5,"470,15",,"17.259.142,72"
16/08/2022,Trf. Masivas Pago Proveedores,TRANSFERENCIA,12,"82.800,00",,"17.259.612,87"
16/08/2022,Impuesto Débitos y Créditos/DB,IMPUESTOS DEBITOS,5,"496,80",,"17.342.412,87"
16/08/2022,Trf. Masivas Pago Proveedores,TRANSFERENCIA,12,"82.868,05",,"17.342.909,67"
16/08/2022,Impuesto Débitos y Créditos/DB,IMPUESTOS DEBITOS,5,"497,21",,"17.425.777,72"
16/08/2022,Trf. Masivas Pago Proveedores,TRANSFERENCIA,12,"83.688,00",,"17.426.274,93"
16/08/2022,Impuesto Débitos y Créditos/DB,IMPUESTOS DEBITOS,5,"502,13",,"17.509.962,93"
16/08/2022,Trf. Masivas Pago Proveedores,TRANSFERENCIA,12,"84.096,56",,"17.510.465,06"
16/08/2022,Impuesto Débitos y Créditos/DB,IMPUESTOS DEBITOS,5,"504,58",,"17.594.561,62"
16/08/2022,Trf. Masivas Pago Proveedores,TRANSFERENCIA,12,"84.109,86",,"17.595.066,20"
16/08/2022,Impuesto Débitos y Créditos/DB,IMPUESTOS DEBITOS,5,"504,66",,"17.679.176,06"
16/08/2022,Trf. Masivas Pago Proveedores,TRANSFERENCIA,12,"84.204,00",,"17.679.680,72"
16/08/2022,Impuesto Débitos y Créditos/DB,IMPUESTOS DEBITOS,5,"505,22",,"17.763.884,72"
16/08/2022,Trf. Masivas Pago Proveedores,TRANSFERENCIA,12,"85.492,09",,"17.764.389,94"
16/08/2022,Impuesto Débitos y Créditos/DB,IMPUESTOS DEBITOS,5,"512,95",,"17.849.882,03"
16/08/2022,Trf. Masivas Pago Proveedores,TRANSFERENCIA,12,"91.301,63",,"17.850.394,98"
16/08/2022,Impuesto Débitos y Créditos/DB,IMPUESTOS DEBITOS,5,"547,81",,"17.941.696,61"
16/08/2022,Trf. Masivas Pago Proveedores,TRANSFERENCIA,12,"90.299,87",,"17.942.244,42"
16/08/2022,Impuesto Débitos y Créditos/DB,IMPUESTOS DEBITOS,5,"541,80",,"18.032.544,29"
16/08/2022,Trf. Masivas Pago Proveedores,TRANSFERENCIA,12,"91.586,00",,"18.033.086,09"
16/08/2022,Impuesto Débitos y Créditos/DB,IMPUESTOS DEBITOS,5,"549,52",,"18.124.672,09"
16/08/2022,Trf. Masivas Pago Proveedores,TRANSFERENCIA,12,"93.842,00",,"18.125.221,61"
16/08/2022,Impuesto Débitos y Créditos/DB,IMPUESTOS DEBITOS,5,"563,05",,"18.219.063,61"
16/08/2022,Trf. Masivas Pago Proveedores,TRANSFERENCIA,12,"94.323,60",,"18.219.626,66"
16/08/2022,Impuesto Débitos y Créditos/DB,IMPUESTOS DEBITOS,5,"565,94",,"18.313.950,26"
16/08/2022,Trf. Masivas Pago Proveedores,TRANSFERENCIA,12,"96.007,95",,"18.314.516,20"
16/08/2022,Impuesto Débitos y Créditos/DB,IMPUESTOS DEBITOS,5,"576,05",,"18.410.524,15"
16/08/2022,Trf. Masivas Pago Proveedores,TRANSFERENCIA,12,"96.007,95",,"18.411.100,20"
16/08/2022,Impuesto Débitos y Créditos/DB,IMPUESTOS DEBITOS,5,"576,05",,"18.507.108,15"
16/08/2022,Trf. Masivas Pago Proveedores,TRANSFERENCIA,12,"96.214,80",,"18.507.684,20"
16/08/2022,Impuesto Débitos y Créditos/DB,IMPUESTOS DEBITOS,5,"577,29",,"18.603.899,00"
16/08/2022,Trf. Masivas Pago Proveedores,TRANSFERENCIA,12,"97.047,00",,"18.604.476,29"
16/08/2022,Impuesto Débitos y Créditos/DB,IMPUESTOS DEBITOS,5,"582,28",,"18.701.523,29"
16/08/2022,Trf. Masivas Pago Proveedores,TRANSFERENCIA,12,"97.470,00",,"18.702.105,57"
16/08/2022,Impuesto Débitos y Créditos/DB,IMPUESTOS DEBITOS,5,"584,82",,"18.799.575,57"
16/08/2022,Trf. Masivas Pago Proveedores,TRANSFERENCIA,12,"97.470,00",,"18.800.160,39"
16/08/2022,Impuesto Débitos y Créditos/DB,IMPUESTOS DEBITOS,5,"584,82",,"18.897.630,39"
16/08/2022,Trf. Masivas Pago Proveedores,TRANSFERENCIA,12,"97.470,00",,"18.898.215,21"
16/08/2022,Impuesto Débitos y Créditos/DB,IMPUESTOS DEBITOS,5,"584,82",,"18.995.685,21"
16/08/2022,Trf. Masivas Pago Proveedores,TRANSFERENCIA,12,"696.896,39",,"18.996.270,03"
16/08/2022,Impuesto Débitos y Créditos/DB,IMPUESTOS DEBITOS,5,"4.181,38",,"19.693.166,42"
16/08/2022,Crédito por Transferencia,TRANSFERENCIA,12,,"7.500.000,00","19.697.347,80"
16/08/2022,Trf. Masivas Pago Proveedores,TRANSFERENCIA,12,"48.716,13",,"12.197.347,80"
16/08/2022,Impuesto Débitos y Créditos/DB,IMPUESTOS DEBITOS,5,"292,30",,"12.246.063,93"
16/08/2022,Trf. Masivas Pago Proveedores,TRANSFERENCIA,12,"34.346,95",,"12.246.356,23"
16/08/2022,Impuesto Débitos y Créditos/DB,IMPUESTOS DEBITOS,5,"206,08",,"12.280.703,18"
16/08/2022,Trf. Masivas Pago Proveedores,TRANSFERENCIA,12,"74.456,15",,"12.280.909,26"
16/08/2022,Impuesto Débitos y Créditos/DB,IMPUESTOS DEBITOS,5,"446,74",,"12.355.365,41"
16/08/2022,Trf. Masivas Pago Proveedores,TRANSFERENCIA,12,"62.138,34",,"12.355.812,15"
16/08/2022,Impuesto Débitos y Créditos/DB,IMPUESTOS DEBITOS,5,"372,83",,"12.417.950,49"
16/08/2022,Trf. Masivas Pago Proveedores,TRANSFERENCIA,12,"309.983,00",,"12.418.323,32"
16/08/2022,Impuesto Débitos y Créditos/DB,IMPUESTOS DEBITOS,5,"1.859,90",,"12.728.306,32"
16/08/2022,CRED BCA ELECTR INTERBANC EXEN,TRANSFERENCIA,12,,"14.400.000,00","12.730.166,22"
16/08/2022,Trf. Masivas Pago Proveedores,TRANSFERENCIA,12,"729.111,97",,"-1.669.833,78"
16/08/2022,Impuesto Débitos y Créditos/DB,IMPUESTOS DEBITOS,5,"4.374,67",,"-940.721,81"
16/08/2022,Trf. Masivas Pago Proveedores,TRANSFERENCIA,12,"742.200,58",,"-936.347,14"
16/08/2022,Impuesto Débitos y Créditos/DB,IMPUESTOS DEBITOS,5,"4.453,20",,"-194.146,56"
16/08/2022,Trf. Masivas Pago Proveedores,TRANSFERENCIA,12,"759.112,50",,"-189.693,36"
16/08/2022,Impuesto Débitos y Créditos/DB,IMPUESTOS DEBITOS,5,"4.554,68",,"569.419,14"
16/08/2022,Trf. Masivas Pago Proveedores,TRANSFERENCIA,12,"964.301,41",,"573.973,82"
16/08/2022,Impuesto Débitos y Créditos/DB,IMPUESTOS DEBITOS,5,"5.785,81",,"1.538.275,23"
16/08/2022,Trf. Masivas Pago Proveedores,TRANSFERENCIA,12,"1.091.748,97",,"1.544.061,04"
16/08/2022,Impuesto Débitos y Créditos/DB,IMPUESTOS DEBITOS,5,"6.550,49",,"2.635.810,01"
16/08/2022,Trf. Masivas Pago Proveedores,TRANSFERENCIA,12,"1.553.338,96",,"2.642.360,50"
16/08/2022,Impuesto Débitos y Créditos/DB,IMPUESTOS DEBITOS,5,"9.320,03",,"4.195.699,46"
16/08/2022,Trf. Masivas Pago Proveedores,TRANSFERENCIA,12,"2.050.933,86",,"4.205.019,49"
16/08/2022,Impuesto Débitos y Créditos/DB,IMPUESTOS DEBITOS,5,"12.305,60",,"6.255.953,35"
16/08/2022,Trf. Masivas Pago Proveedores,TRANSFERENCIA,12,"959.526,72",,"6.268.258,95"
16/08/2022,Impuesto Débitos y Créditos/DB,IMPUESTOS DEBITOS,5,"5.757,16",,"7.227.785,67"
16/08/2022,CRED BCA ELECTR INTERBANC EXEN,TRANSFERENCIA,12,,"13.700.000,00","7.233.542,83"
16/08/2022,CRED BCA ELECTR INTERBANC EXEN,TRANSFERENCIA,12,,"1.000.000,00","-6.466.457,17"
16/08/2022,Trf. Masivas Pago Proveedores,TRANSFERENCIA,12,"243.837,00",,"-7.466.457,17"
16/08/2022,Impuesto Débitos y Créditos/DB,IMPUESTOS DEBITOS,5,"1.463,02",,"-7.222.620,17"
16/08/2022,Pago Cheque de Cámara Recibida,CHEQUE,1,"478.035,00",,"-7.221.157,15"
16/08/2022,Impuesto Débitos y Créditos/DB,IMPUESTOS DEBITOS,5,"2.868,21",,"-6.743.122,15"
16/08/2022,Pago Cheque de Cámara Recibida,CHEQUE,1,"15.109,88",,"-6.740.253,94"
16/08/2022,Impuesto Débitos y Créditos/DB,IMPUESTOS DEBITOS,5,"90,66",,"-6.725.144,06"
16/08/2022,Pago Cheque de Cámara Recibida,CHEQUE,1,"179.675,29",,"-6.725.053,40"
16/08/2022,Impuesto Débitos y Créditos/DB,IMPUESTOS DEBITOS,5,"1.078,05",,"-6.545.378,11"
16/08/2022,SIPAP - Pago Cheque de Cámara,CHEQUE,1,"99.223,80",,"-6.544.300,06"
16/08/2022,Impuesto Débitos y Créditos/DB,IMPUESTOS DEBITOS,5,"595,34",,"-6.445.076,26"
16/08/2022,SIPAP - Pago Cheque de Cámara,CHEQUE,1,"44.759,15",,"-6.444.480,92"
16/08/2022,Impuesto Débitos y Créditos/DB,IMPUESTOS DEBITOS,5,"268,55",,"-6.399.721,77"
16/08/2022,Pago Cheque de Cámara Recibida,CHEQUE,1,"1.500.000,00",,"-6.399.453,22"
16/08/2022,Impuesto Débitos y Créditos/DB,IMPUESTOS DEBITOS,5,"9.000,00",,"-4.899.453,22"
16/08/2022,Pago Cheque de Cámara Recibida,CHEQUE,1,"863.311,14",,"-4.890.453,22"
16/08/2022,Impuesto Débitos y Créditos/DB,IMPUESTOS DEBITOS,5,"5.179,87",,"-4.027.142,08"
16/08/2022,Pago Cheque de Cámara Recibida,CHEQUE,1,"2.000.000,00",,"-4.021.962,21"
16/08/2022,Impuesto Débitos y Créditos/DB,IMPUESTOS DEBITOS,5,"12.000,00",,"-2.021.962,21"
16/08/2022,Pago Cheque de Cámara Recibida,CHEQUE,1,"789.480,40",,"-2.009.962,21"
16/08/2022,Impuesto Débitos y Créditos/DB,IMPUESTOS DEBITOS,5,"4.736,88",,"-1.220.481,81"
16/08/2022,Pago Cheque de Cámara Recibida,CHEQUE,1,"239.927,76",,"-1.215.744,93"
16/08/2022,Impuesto Débitos y Créditos/DB,IMPUESTOS DEBITOS,5,"1.439,57",,"-975.817,17"
16/08/2022,Pago Cheque de Cámara Recibida,CHEQUE,1,"519.669,12",,"-974.377,60"
16/08/2022,Impuesto Débitos y Créditos/DB,IMPUESTOS DEBITOS,5,"3.118,01",,"-454.708,48"
16/08/2022,Pago Cheque de Cámara Recibida,CHEQUE,1,"409.580,00",,"-451.590,47"
16/08/2022,Impuesto Débitos y Créditos/DB,IMPUESTOS DEBITOS,5,"2.457,48",,"-42.010,47"
12/08/2022,Impuesto Débitos y Créditos/DB,IMPUESTOS DEBITOS,5,"2,07",,"-39.552,99"
12/08/2022,Impuesto Débitos y Créditos/DB,IMPUESTOS DEBITOS,5,"0,43",,"-39.550,92"
12/08/2022,Impuesto Débitos y Créditos/DB,IMPUESTOS DEBITOS,5,"0,21",,"-39.550,49"
12/08/2022,Impuesto Débitos y Créditos/DB,IMPUESTOS DEBITOS,5,"0,04",,"-39.550,28"
12/08/2022,COMIS.TRANSFERENCIAS,COMISIONES,2,"345,00",,"-39.550,24"
12/08/2022,IVA,IVA,7,"72,45",,"-39.205,24"
12/08/2022,Comisión Consulta Cámara,COMISIONES,2,"35,00",,"-39.132,79"
12/08/2022,IVA,IVA,7,"7,35",,"-39.097,79"
12/08/2022,Transferencia por CBU,TRANSFERENCIA,12,"14.500.000,00",,"-39.090,44"
12/08/2022,Transferencia por CBU,TRANSFERENCIA,12,"18.000.000,00",,"14.460.909,56"
12/08/2022,Transferencia por CBU,TRANSFERENCIA,12,"14.000.000,00",,"32.460.909,56"
12/08/2022,Debito Transf. HomeBanking,TRANSFERENCIA,12,"225.000,00",,"46.460.909,56"
12/08/2022,Impuesto Débitos y Créditos/DB,IMPUESTOS DEBITOS,5,"1.350,00",,"46.685.909,56"
12/08/2022,CRED BCA ELECTR INTERBANC EXEN,TRANSFERENCIA,12,,"50.000.000,00","46.687.259,56"
12/08/2022,Trf. Masivas Pago Proveedores,TRANSFERENCIA,12,"100.000,00",,"-3.312.740,44"
12/08/2022,Impuesto Débitos y Créditos/DB,IMPUESTOS DEBITOS,5,"600,00",,"-3.212.740,44"
12/08/2022,Trf. Masivas Pago Proveedores,TRANSFERENCIA,12,"10.000,00",,"-3.212.140,44"
12/08/2022,Impuesto Débitos y Créditos/DB,IMPUESTOS DEBITOS,5,"60,00",,"-3.202.140,44"
12/08/2022,Trf. Masivas Pago Proveedores,TRANSFERENCIA,12,"10.000,00",,"-3.202.080,44"
12/08/2022,Impuesto Débitos y Créditos/DB,IMPUESTOS DEBITOS,5,"60,00",,"-3.192.080,44"
12/08/2022,Trf. Masivas Pago Proveedores,TRANSFERENCIA,12,"10.000,00",,"-3.192.020,44"
12/08/2022,Impuesto Débitos y Créditos/DB,IMPUESTOS DEBITOS,5,"60,00",,"-3.182.020,44"
12/08/2022,Trf. Masivas Pago Proveedores,TRANSFERENCIA,12,"15.000,00",,"-3.181.960,44"
12/08/2022,Impuesto Débitos y Créditos/DB,IMPUESTOS DEBITOS,5,"90,00",,"-3.166.960,44"
12/08/2022,Trf. Masivas Pago Proveedores,TRANSFERENCIA,12,"10.000,00",,"-3.166.870,44"
12/08/2022,Impuesto Débitos y Créditos/DB,IMPUESTOS DEBITOS,5,"60,00",,"-3.156.870,44"
12/08/2022,Crédito por Transferencia,TRANSFERENCIA,12,,"10.000.000,00","-3.156.810,44"
12/08/2022,Trf. Masivas Pago Proveedores,TRANSFERENCIA,12,"96.600,00",,"-13.156.810,44"
12/08/2022,Impuesto Débitos y Créditos/DB,IMPUESTOS DEBITOS,5,"579,60",,"-13.060.210,44"
12/08/2022,Trf. Masivas Pago Proveedores,TRANSFERENCIA,12,"153.046,66",,"-13.059.630,84"
12/08/2022,Impuesto Débitos y Créditos/DB,IMPUESTOS DEBITOS,5,"918,28",,"-12.906.584,18"
12/08/2022,Trf. Masivas Pago Proveedores,TRANSFERENCIA,12,"605.226,28",,"-12.905.665,90"
12/08/2022,Impuesto Débitos y Créditos/DB,IMPUESTOS DEBITOS,5,"3.631,36",,"-12.300.439,62"
12/08/2022,Trf. Masivas Pago Proveedores,TRANSFERENCIA,12,"8.893,64",,"-12.296.808,26"
12/08/2022,Impuesto Débitos y Créditos/DB,IMPUESTOS DEBITOS,5,"53,36",,"-12.287.914,62"
12/08/2022,Trf. Masivas Pago Proveedores,TRANSFERENCIA,12,"240.132,00",,"-12.287.861,26"
12/08/2022,Impuesto Débitos y Créditos/DB,IMPUESTOS DEBITOS,5,"1.440,79",,"-12.047.729,26"
12/08/2022,Trf. Masivas Pago Proveedores,TRANSFERENCIA,12,"6.974,00",,"-12.046.288,47"
12/08/2022,Impuesto Débitos y Créditos/DB,IMPUESTOS DEBITOS,5,"41,84",,"-12.039.314,47"
12/08/2022,Trf. Masivas Pago Proveedores,TRANSFERENCIA,12,"8.365,00",,"-12.039.272,63"
12/08/2022,Impuesto Débitos y Créditos/DB,IMPUESTOS DEBITOS,5,"50,19",,"-12.030.907,63"
12/08/2022,Trf. Masivas Pago Proveedores,TRANSFERENCIA,12,"15.344,40",,"-12.030.857,44"
12/08/2022,Impuesto Débitos y Créditos/DB,IMPUESTOS DEBITOS,5,"92,07",,"-12.015.513,04"
12/08/2022,Trf. Masivas Pago Proveedores,TRANSFERENCIA,12,"348.709,20",,"-12.015.420,97"
12/08/2022,Impuesto Débitos y Créditos/DB,IMPUESTOS DEBITOS,5,"2.092,26",,"-11.666.711,77"
12/08/2022,Pago Cheque de Cámara Recibida,CHEQUE,1,"208.920,10",,"-11.664.619,51"
12/08/2022,Impuesto Débitos y Créditos/DB,IMPUESTOS DEBITOS,5,"1.253,52",,"-11.455.699,41"
12/08/2022,Pago Cheque de Cámara Recibida,CHEQUE,1,"478.035,00",,"-11.454.445,89"
12/08/2022,Impuesto Débitos y Créditos/DB,IMPUESTOS DEBITOS,5,"2.868,21",,"-10.976.410,89"
12/08/2022,SIPAP - Pago Cheque de Cámara,CHEQUE,1,"12.820,88",,"-10.973.542,68"
12/08/2022,Impuesto Débitos y Créditos/DB,IMPUESTOS DEBITOS,5,"76,93",,"-10.960.721,80"
12/08/2022,SIPAP - Pago Cheque de Cámara,CHEQUE,1,"87.332,20",,"-10.960.644,87"
12/08/2022,Impuesto Débitos y Créditos/DB,IMPUESTOS DEBITOS,5,"523,99",,"-10.873.312,67"
12/08/2022,SIPAP - Pago Cheque de Cámara,CHEQUE,1,"35.312,03",,"-10.872.788,68"
12/08/2022,Impuesto Débitos y Créditos/DB,IMPUESTOS DEBITOS,5,"211,87",,"-10.837.476,65"
12/08/2022,Pago Cheque de Cámara Recibida,CHEQUE,1,"1.500.000,00",,"-10.837.264,78"
12/08/2022,Impuesto Débitos y Créditos/DB,IMPUESTOS DEBITOS,5,"9.000,00",,"-9.337.264,78"
12/08/2022,Pago Cheque de Cámara Recibida,CHEQUE,1,"2.000.000,00",,"-9.328.264,78"
12/08/2022,Impuesto Débitos y Créditos/DB,IMPUESTOS DEBITOS,5,"12.000,00",,"-7.328.264,78"
11/08/2022,Impuesto Débitos y Créditos/DB,IMPUESTOS DEBITOS,5,"3,45",,"-7.316.264,78"
11/08/2022,Impuesto Débitos y Créditos/DB,IMPUESTOS DEBITOS,5,"0,72",,"-7.316.261,33"
11/08/2022,Impuesto Débitos y Créditos/DB,IMPUESTOS DEBITOS,5,"8.142,61",,"-7.316.260,61"
11/08/2022,Impuesto Débitos y Créditos/DB,IMPUESTOS DEBITOS,5,"3.912,88",,"-7.308.118,00"
11/08/2022,Impuesto Débitos y Créditos/DB,IMPUESTOS DEBITOS,5,"18.694,87",,"-7.304.205,12"
11/08/2022,Impuesto Débitos y Créditos/DB,IMPUESTOS DEBITOS,5,"22.435,23",,"-7.285.510,25"
11/08/2022,Impuesto Débitos y Créditos/DB,IMPUESTOS DEBITOS,5,"20.028,69",,"-7.263.075,02"
11/08/2022,Impuesto Débitos y Créditos/DB,IMPUESTOS DEBITOS,5,"2.443,30",,"-7.243.046,33"
11/08/2022,Impuesto Débitos y Créditos/DB,IMPUESTOS DEBITOS,5,"0,21",,"-7.240.603,03"
11/08/2022,Impuesto Débitos y Créditos/DB,IMPUESTOS DEBITOS,5,"0,04",,"-7.240.602,82"
11/08/2022,Impuesto Débitos y Créditos/DB,IMPUESTOS DEBITOS,5,"3.034,67",,"-7.240.602,78"
11/08/2022,COMIS.TRANSFERENCIAS,COMISIONES,2,"575,00",,"-7.237.568,11"
11/08/2022,IVA,IVA,7,"120,75",,"-7.236.993,11"
11/08/2022,Cobro Percepción IIBB,IIBB,3,"0,58",,"-7.236.872,36"
11/08/2022,Comisión Consulta Cámara,COMISIONES,2,"35,00",,"-7.236.871,78"
11/08/2022,IVA,IVA,7,"7,35",,"-7.236.836,78"
11/08/2022,Pago Automático de Préstamo,OPERACIONES FINANCIERAS,8,"505.777,90",,"-7.236.829,43"
11/08/2022,Debito Transf. HomeBanking,TRANSFERENCIA,12,"5.100.000,00",,"-6.731.051,53"
11/08/2022,Impuesto Débitos y Créditos/DB,IMPUESTOS DEBITOS,5,"30.600,00",,"-1.631.051,53"
11/08/2022,Transferencia por CBU,TRANSFERENCIA,12,"1.210.000,00",,"-1.600.451,53"
11/08/2022,Impuesto Débitos y Créditos/DB,IMPUESTOS DEBITOS,5,"7.260,00",,"-390.451,53"
11/08/2022,Debito Transf. HomeBanking,TRANSFERENCIA,12,"145.000,00",,"-383.191,53"
11/08/2022,Impuesto Débitos y Créditos/DB,IMPUESTOS DEBITOS,5,"870,00",,"-238.191,53"
11/08/2022,Debito Transf. HomeBanking,TRANSFERENCIA,12,"7.050.000,00",,"-237.321,53"
11/08/2022,Impuesto Débitos y Créditos/DB,IMPUESTOS DEBITOS,5,"42.300,00",,"6.812.678,47"
11/08/2022,Transferencia por CBU,TRANSFERENCIA,12,"650.000,00",,"6.854.978,47"
11/08/2022,Transferencia por CBU,TRANSFERENCIA,12,"650.000,00",,"7.504.978,47"
11/08/2022,Impuesto Débitos y Créditos/DB,IMPUESTOS DEBITOS,5,"3.900,00",,"8.154.978,47"
11/08/2022,Pago de Servicios,TRANSFERENCIA,12,"407.217,00",,"8.158.878,47"
11/08/2022,Pago de Servicios,TRANSFERENCIA,12,"3.338.114,70",,"8.566.095,47"
11/08/2022,Pago de Servicios,TRANSFERENCIA,12,"3.115.811,90",,"11.904.210,17"
11/08/2022,Pago de Servicios,TRANSFERENCIA,12,"3.739.204,22",,"15.020.022,07"
11/08/2022,Pago de Servicios,TRANSFERENCIA,12,"652.147,40",,"18.759.226,29"
11/08/2022,Pago de Servicios,TRANSFERENCIA,12,"1.357.101,60",,"19.411.373,69"
11/08/2022,CRED BCA ELECTRONICA INTERBANC,TRANSFERENCIA,12,,"40.717.101,26","20.768.475,29"
11/08/2022,IIBB- Acreditaciones Bancarias,IIBB,3,"732.907,82",,"-19.948.625,97"
11/08/2022,Impuesto Débitos y Créditos/CR,IMPUESTOS CREDITOS,4,"244.302,61",,"-19.215.718,15"
11/08/2022,Impuesto Débitos y Créditos/DB,IMPUESTOS DEBITOS,5,"4.397,45",,"-18.971.415,54"
11/08/2022,Impuesto Débitos y Créditos/DB,IMPUESTOS DEBITOS,5,"0,25",,"-18.967.018,09"
11/08/2022,Pago Cheque de Cámara Recibida,CHEQUE,1,"186.504,67",,"-18.967.017,84"
11/08/2022,Impuesto Débitos y Créditos/DB,IMPUESTOS DEBITOS,5,"1.119,03",,"-18.780.513,17"
11/08/2022,Pago Cheque de Cámara Recibida,CHEQUE,1,"18.154,88",,"-18.779.394,14"
11/08/2022,Impuesto Débitos y Créditos/DB,IMPUESTOS DEBITOS,5,"108,93",,"-18.761.239,26"
11/08/2022,Pago Cheque de Cámara Recibida,CHEQUE,1,"131.916,78",,"-18.761.130,33"
11/08/2022,Impuesto Débitos y Créditos/DB,IMPUESTOS DEBITOS,5,"791,50",,"-18.629.213,55"
11/08/2022,Pago Cheque de Cámara Recibida,CHEQUE,1,"478.035,00",,"-18.628.422,05"
11/08/2022,Impuesto Débitos y Créditos/DB,IMPUESTOS DEBITOS,5,"2.868,21",,"-18.150.387,05"
11/08/2022,SIPAP - Pago Cheque de Cámara,CHEQUE,1,"48.921,45",,"-18.147.518,84"
11/08/2022,Impuesto Débitos y Créditos/DB,IMPUESTOS DEBITOS,5,"293,53",,"-18.098.597,39"
11/08/2022,SIPAP - Pago Cheque de Cámara,CHEQUE,1,"195.329,45",,"-18.098.303,86"
11/08/2022,Impuesto Débitos y Créditos/DB,IMPUESTOS DEBITOS,5,"1.171,98",,"-17.902.974,41"
11/08/2022,SIPAP - Pago Cheque de Cámara,CHEQUE,1,"28.514,57",,"-17.901.802,43"
11/08/2022,Impuesto Débitos y Créditos/DB,IMPUESTOS DEBITOS,5,"171,09",,"-17.873.287,86"
11/08/2022,Pago Cheque de Cámara Recibida,CHEQUE,1,"1.500.000,00",,"-17.873.116,77"
11/08/2022,Impuesto Débitos y Créditos/DB,IMPUESTOS DEBITOS,5,"9.000,00",,"-16.373.116,77"
11/08/2022,Pago Cheque de Cámara Recibida,CHEQUE,1,"2.000.000,00",,"-16.364.116,77"
11/08/2022,Impuesto Débitos y Créditos/DB,IMPUESTOS DEBITOS,5,"12.000,00",,"-14.364.116,77"
11/08/2022,Pago Cheque de Cámara Recibida,CHEQUE,1,"220.864,00",,"-14.352.116,77"
11/08/2022,Impuesto Débitos y Créditos/DB,IMPUESTOS DEBITOS,5,"1.325,18",,"-14.131.252,77"
11/08/2022,Pago Cheque de Cámara Recibida,CHEQUE,1,"705.403,94",,"-14.129.927,59"
11/08/2022,Impuesto Débitos y Créditos/DB,IMPUESTOS DEBITOS,5,"4.232,42",,"-13.424.523,65"
11/08/2022,Pago Cheque de Cámara Recibida,CHEQUE,1,"117.530,64",,"-13.420.291,23"
11/08/2022,Impuesto Débitos y Créditos/DB,IMPUESTOS DEBITOS,5,"705,18",,"-13.302.760,59"
11/08/2022,Pago Cheque de Cámara Recibida,CHEQUE,1,"9.170,05",,"-13.302.055,41"
11/08/2022,Impuesto Débitos y Créditos/DB,IMPUESTOS DEBITOS,5,"55,02",,"-13.292.885,36"
11/08/2022,Pago Cheque de Cámara Recibida,CHEQUE,1,"97.397,74",,"-13.292.830,34"
11/08/2022,Impuesto Débitos y Créditos/DB,IMPUESTOS DEBITOS,5,"584,39",,"-13.195.432,60"
11/08/2022,Pago Cheque de Cámara Recibida,CHEQUE,1,"875.490,84",,"-13.194.848,21"
11/08/2022,Impuesto Débitos y Créditos/DB,IMPUESTOS DEBITOS,5,"5.252,95",,"-12.319.357,37"
11/08/2022,Pago Cheque de Cámara Recibida,CHEQUE,1,"86.418,31",,"-12.314.104,42"
11/08/2022,Impuesto Débitos y Créditos/DB,IMPUESTOS DEBITOS,5,"518,51",,"-12.227.686,11"
11/08/2022,Pago Cheque de Cámara Recibida,CHEQUE,1,"37.890,56",,"-12.227.167,60"
11/08/2022,Impuesto Débitos y Créditos/DB,IMPUESTOS DEBITOS,5,"227,34",,"-12.189.277,04"
10/08/2022,Comisión Consulta Cámara,COMISIONES,2,"35,00",,"-12.189.049,70"
10/08/2022,IVA,IVA,7,"7,35",,"-12.189.014,70"
10/08/2022,Trf. Pago.Prov-Terceros O/Bcos,TRANSFERENCIA,12,,"6.000.000,00","-12.189.007,35"
10/08/2022,Trf. Pago.Prov-Terceros O/Bcos,TRANSFERENCIA,12,,"1.906.820,79","-18.189.007,35"
10/08/2022,Impuesto Débitos y Créditos/CR,IMPUESTOS CREDITOS,4,"36.000,00",,"-20.095.828,14"
10/08/2022,Impuesto Débitos y Créditos/CR,IMPUESTOS CREDITOS,4,"11.440,92",,"-20.059.828,14"
10/08/2022,Impuesto Débitos y Créditos/DB,IMPUESTOS DEBITOS,5,"648,00",,"-20.048.387,22"
10/08/2022,Impuesto Débitos y Créditos/DB,IMPUESTOS DEBITOS,5,"205,94",,"-20.047.739,22"
10/08/2022,IIBB- Acreditaciones Bancarias,IIBB,3,"108.000,00",,"-20.047.533,28"
10/08/2022,IIBB- Acreditaciones Bancarias,IIBB,3,"34.322,77",,"-19.939.533,28"
10/08/2022,Crédito por Transferencia,TRANSFERENCIA,12,,"1.100.000,00","-19.905.210,51"
10/08/2022,IIBB- Acreditaciones Bancarias,IIBB,3,"19.800,00",,"-21.005.210,51"
10/08/2022,Impuesto Débitos y Créditos/CR,IMPUESTOS CREDITOS,4,"6.600,00",,"-20.985.410,51"
10/08/2022,Impuesto Débitos y Créditos/DB,IMPUESTOS DEBITOS,5,"118,80",,"-20.978.810,51"
10/08/2022,Transferencia por CBU,TRANSFERENCIA,12,"700.000,00",,"-20.978.691,71"
10/08/2022,Transferencia por CBU,TRANSFERENCIA,12,"4.700.000,00",,"-20.278.691,71"
10/08/2022,Impuesto Débitos y Créditos/DB,IMPUESTOS DEBITOS,5,"0,25",,"-15.578.691,71"
10/08/2022,SIPAP - Pago Cheque de Cámara,CHEQUE,1,"59.573,06",,"-15.578.691,46"
10/08/2022,Impuesto Débitos y Créditos/DB,IMPUESTOS DEBITOS,5,"357,44",,"-15.519.118,40"
10/08/2022,SIPAP - Pago Cheque de Cámara,CHEQUE,1,"47.098,76",,"-15.518.760,96"
10/08/2022,Impuesto Débitos y Créditos/DB,IMPUESTOS DEBITOS,5,"282,59",,"-15.471.662,20"
10/08/2022,SIPAP - Pago Cheque de Cámara,CHEQUE,1,"99.269,22",,"-15.471.379,61"
10/08/2022,Impuesto Débitos y Créditos/DB,IMPUESTOS DEBITOS,5,"595,62",,"-15.372.110,39"
10/08/2022,SIPAP - Pago Cheque de Cámara,CHEQUE,1,"433.284,60",,"-15.371.514,77"
10/08/2022,Impuesto Débitos y Créditos/DB,IMPUESTOS DEBITOS,5,"2.599,71",,"-14.938.230,17"
10/08/2022,SIPAP - Pago Cheque de Cámara,CHEQUE,1,"63.217,72",,"-14.935.630,46"
10/08/2022,Impuesto Débitos y Créditos/DB,IMPUESTOS DEBITOS,5,"379,31",,"-14.872.412,74"
10/08/2022,SIPAP - Pago Cheque de Cámara,CHEQUE,1,"14.371,48",,"-14.872.033,43"
10/08/2022,Impuesto Débitos y Créditos/DB,IMPUESTOS DEBITOS,5,"86,23",,"-14.857.661,95"
10/08/2022,SIPAP - Pago Cheque de Cámara,CHEQUE,1,"23.233,19",,"-14.857.575,72"
10/08/2022,Impuesto Débitos y Créditos/DB,IMPUESTOS DEBITOS,5,"139,40",,"-14.834.342,53"
10/08/2022,SIPAP - Pago Cheque de Cámara,CHEQUE,1,"220.967,87",,"-14.834.203,13"
10/08/2022,Impuesto Débitos y Créditos/DB,IMPUESTOS DEBITOS,5,"1.325,81",,"-14.613.235,26"
10/08/2022,SIPAP - Pago Cheque de Cámara,CHEQUE,1,"12.600,00",,"-14.611.909,45"
10/08/2022,Impuesto Débitos y Créditos/DB,IMPUESTOS DEBITOS,5,"75,60",,"-14.599.309,45"
10/08/2022,Pago Cheque de Cámara Recibida,CHEQUE,1,"1.500.000,00",,"-14.599.233,85"
10/08/2022,Impuesto Débitos y Créditos/DB,IMPUESTOS DEBITOS,5,"9.000,00",,"-13.099.233,85"
10/08/2022,Pago Cheque de Cámara Recibida,CHEQUE,1,"2.000.000,00",,"-13.090.233,85"
10/08/2022,Impuesto Débitos y Créditos/DB,IMPUESTOS DEBITOS,5,"12.000,00",,"-11.090.233,85"
10/08/2022,Pago Cheque de Cámara Recibida,CHEQUE,1,"124.713,23",,"-11.078.233,85"
10/08/2022,Impuesto Débitos y Créditos/DB,IMPUESTOS DEBITOS,5,"748,28",,"-10.953.520,62"
10/08/2022,Pago Cheque de Cámara Recibida,CHEQUE,1,"5.700,00",,"-10.952.772,34"
10/08/2022,Impuesto Débitos y Créditos/DB,IMPUESTOS DEBITOS,5,"34,20",,"-10.947.072,34"
10/08/2022,SIPAP - Pago Cheque de Cámara,CHEQUE,1,"59.157,94",,"-10.947.038,14"
10/08/2022,Impuesto Débitos y Créditos/DB,IMPUESTOS DEBITOS,5,"354,95",,"-10.887.880,20"
10/08/2022,SIPAP - Pago Cheque de Cámara,CHEQUE,1,"62.040,00",,"-10.887.525,25"
10/08/2022,Impuesto Débitos y Créditos/DB,IMPUESTOS DEBITOS,5,"372,24",,"-10.825.485,25"
10/08/2022,SIPAP - Pago Cheque de Cámara,CHEQUE,1,"63.228,00",,"-10.825.113,01"
10/08/2022,Impuesto Débitos y Créditos/DB,IMPUESTOS DEBITOS,5,"379,37",,"-10.761.885,01"
09/08/2022,Comisión Consulta Cámara,COMISIONES,2,"35,00",,"-10.761.505,64"
09/08/2022,IVA,IVA,7,"7,35",,"-10.761.470,64"
09/08/2022,Crédito por Transferencia,TRANSFERENCIA,12,,"1.600.000,00","-10.761.463,29"
09/08/2022,Trf. Masivas Pago Proveedores,TRANSFERENCIA,12,"47.614,90",,"-12.361.463,29"
09/08/2022,Impuesto Débitos y Créditos/DB,IMPUESTOS DEBITOS,5,"285,69",,"-12.313.848,39"
09/08/2022,Trf. Masivas Pago Proveedores,TRANSFERENCIA,12,"105.979,07",,"-12.313.562,70"
09/08/2022,Impuesto Débitos y Créditos/DB,IMPUESTOS DEBITOS,5,"635,87",,"-12.207.583,63"
09/08/2022,Trf. Masivas Pago Proveedores,TRANSFERENCIA,12,"81.254,08",,"-12.206.947,76"
09/08/2022,Impuesto Débitos y Créditos/DB,IMPUESTOS DEBITOS,5,"487,52",,"-12.125.693,68"
09/08/2022,Trf. Masivas Pago Proveedores,TRANSFERENCIA,12,"78.622,09",,"-12.125.206,16"
09/08/2022,Impuesto Débitos y Créditos/DB,IMPUESTOS DEBITOS,5,"471,73",,"-12.046.584,07"
09/08/2022,Trf. Masivas Pago Proveedores,TRANSFERENCIA,12,"183.799,17",,"-12.046.112,34"
09/08/2022,Impuesto Débitos y Créditos/DB,IMPUESTOS DEBITOS,5,"1.102,80",,"-11.862.313,17"
09/08/2022,Trf. Masivas Pago Proveedores,TRANSFERENCIA,12,"18.430,00",,"-11.861.210,37"
09/08/2022,Impuesto Débitos y Créditos/DB,IMPUESTOS DEBITOS,5,"110,58",,"-11.842.780,37"
09/08/2022,Trf. Masivas Pago Proveedores,TRANSFERENCIA,12,"60.192,51",,"-11.842.669,79"
09/08/2022,Impuesto Débitos y Créditos/DB,IMPUESTOS DEBITOS,5,"361,16",,"-11.782.477,28"
09/08/2022,Trf. Masivas Pago Proveedores,TRANSFERENCIA,12,"85.737,47",,"-11.782.116,12"
09/08/2022,Impuesto Débitos y Créditos/DB,IMPUESTOS DEBITOS,5,"514,42",,"-11.696.378,65"
09/08/2022,Trf. Masivas Pago Proveedores,TRANSFERENCIA,12,"76.946,07",,"-11.695.864,23"
09/08/2022,Impuesto Débitos y Créditos/DB,IMPUESTOS DEBITOS,5,"461,68",,"-11.618.918,16"
09/08/2022,Trf. Masivas Pago Proveedores,TRANSFERENCIA,12,"113.089,95",,"-11.618.456,48"
09/08/2022,Impuesto Débitos y Créditos/DB,IMPUESTOS DEBITOS,5,"678,54",,"-11.505.366,53"
09/08/2022,Trf. Masivas Pago Proveedores,TRANSFERENCIA,12,"11.396,50",,"-11.504.687,99"
09/08/2022,Impuesto Débitos y Créditos/DB,IMPUESTOS DEBITOS,5,"68,38",,"-11.493.291,49"
09/08/2022,Trf. Masivas Pago Proveedores,TRANSFERENCIA,12,"34.536,90",,"-11.493.223,11"
09/08/2022,Impuesto Débitos y Créditos/DB,IMPUESTOS DEBITOS,5,"207,22",,"-11.458.686,21"
09/08/2022,Trf. Masivas Pago Proveedores,TRANSFERENCIA,12,"213.928,30",,"-11.458.478,99"
09/08/2022,Impuesto Débitos y Créditos/DB,IMPUESTOS DEBITOS,5,"1.283,57",,"-11.244.550,69"
09/08/2022,Trf. Masivas Pago Proveedores,TRANSFERENCIA,12,"72.407,47",,"-11.243.267,12"
09/08/2022,Impuesto Débitos y Créditos/DB,IMPUESTOS DEBITOS,5,"434,44",,"-11.170.859,65"
09/08/2022,Trf. Masivas Pago Proveedores,TRANSFERENCIA,12,"83.361,95",,"-11.170.425,21"
09/08/2022,Impuesto Débitos y Créditos/DB,IMPUESTOS DEBITOS,5,"500,17",,"-11.087.063,26"
09/08/2022,Trf. Masivas Pago Proveedores,TRANSFERENCIA,12,"69.310,08",,"-11.086.563,09"
09/08/2022,Impuesto Débitos y Créditos/DB,IMPUESTOS DEBITOS,5,"415,86",,"-11.017.253,01"
09/08/2022,Trf. Masivas Pago Proveedores,TRANSFERENCIA,12,"29.806,16",,"-11.016.837,15"
09/08/2022,Impuesto Débitos y Créditos/DB,IMPUESTOS DEBITOS,5,"178,84",,"-10.987.030,99"
09/08/2022,Trf. Masivas Pago Proveedores,TRANSFERENCIA,12,"40.240,02",,"-10.986.852,15"
09/08/2022,Impuesto Débitos y Créditos/DB,IMPUESTOS DEBITOS,5,"241,44",,"-10.946.612,13"
09/08/2022,Trf. Masivas Pago Proveedores,TRANSFERENCIA,12,"75.671,78",,"-10.946.370,69"
09/08/2022,Impuesto Débitos y Créditos/DB,IMPUESTOS DEBITOS,5,"454,03",,"-10.870.698,91"
09/08/2022,Trf. Masivas Pago Proveedores,TRANSFERENCIA,12,"61.560,14",,"-10.870.244,88"
09/08/2022,Impuesto Débitos y Créditos/DB,IMPUESTOS DEBITOS,5,"369,36",,"-10.808.684,74"
09/08/2022,Trf. Masivas Pago Proveedores,TRANSFERENCIA,12,"11.500,02",,"-10.808.315,38"
09/08/2022,Impuesto Débitos y Créditos/DB,IMPUESTOS DEBITOS,5,"69,00",,"-10.796.815,36"
09/08/2022,Trf. Masivas Pago Proveedores,TRANSFERENCIA,12,"68.664,00",,"-10.796.746,36"
09/08/2022,Impuesto Débitos y Créditos/DB,IMPUESTOS DEBITOS,5,"411,98",,"-10.728.082,36"
09/08/2022,Trf. Masivas Pago Proveedores,TRANSFERENCIA,12,"178.616,93",,"-10.727.670,38"
09/08/2022,Impuesto Débitos y Créditos/DB,IMPUESTOS DEBITOS,5,"1.071,70",,"-10.549.053,45"
09/08/2022,Trf. Masivas Pago Proveedores,TRANSFERENCIA,12,"157.640,02",,"-10.547.981,75"
09/08/2022,Impuesto Débitos y Créditos/DB,IMPUESTOS DEBITOS,5,"945,84",,"-10.390.341,73"
09/08/2022,Trf. Masivas Pago Proveedores,TRANSFERENCIA,12,"93.802,15",,"-10.389.395,89"
09/08/2022,Impuesto Débitos y Créditos/DB,IMPUESTOS DEBITOS,5,"562,81",,"-10.295.593,74"
09/08/2022,Trf. Masivas Pago Proveedores,TRANSFERENCIA,12,"83.344,00",,"-10.295.030,93"
09/08/2022,Impuesto Débitos y Créditos/DB,IMPUESTOS DEBITOS,5,"500,06",,"-10.211.686,93"
09/08/2022,Crédito por Transferencia,TRANSFERENCIA,12,,"3.145.000,00","-10.211.186,87"
09/08/2022,Crédito por Transferencia,TRANSFERENCIA,12,,"2.000.000,00","-13.356.186,87"
09/08/2022,IIBB- Acreditaciones Bancarias,IIBB,3,"36.000,00",,"-15.356.186,87"
09/08/2022,Impuesto Débitos y Créditos/CR,IMPUESTOS CREDITOS,4,"12.000,00",,"-15.320.186,87"
09/08/2022,Impuesto Débitos y Créditos/DB,IMPUESTOS DEBITOS,5,"216,00",,"-15.308.186,87"
09/08/2022,Crédito por Transferencia,TRANSFERENCIA,12,,"3.900.000,00","-15.307.970,87"
09/08/2022,IIBB- Acreditaciones Bancarias,IIBB,3,"70.200,00",,"-19.207.970,87"
09/08/2022,Impuesto Débitos y Créditos/CR,IMPUESTOS CREDITOS,4,"23.400,00",,"-19.137.770,87"
09/08/2022,Impuesto Débitos y Créditos/DB,IMPUESTOS DEBITOS,5,"421,20",,"-19.114.370,87"
09/08/2022,Crédito por Transferencia,TRANSFERENCIA,12,,"2.690.000,00","-19.113.949,67"
09/08/2022,Descto. Docum.- Acreditación,OPERACIONES FINANCIERAS,8,,"917.346,92","-21.803.949,67"
09/08/2022,IIBB- Acreditaciones Bancarias,IIBB,3,"16.512,24",,"-22.721.296,59"
09/08/2022,CRED BCA ELECTR INTERBANC EXEN,TRANSFERENCIA,12,,"510.000,00","-22.704.784,35"
09/08/2022,Descto. Docum.- Acreditación,OPERACIONES FINANCIERAS,8,,"3.297.536,38","-23.214.784,35"
09/08/2022,IIBB- Acreditaciones Bancarias,IIBB,3,"59.355,65",,"-26.512.320,73"
09/08/2022,Credito DEBIN,TRANSFERENCIA,12,,"1.124.000,00","-26.452.965,08"
09/08/2022,Impuesto Débitos y Créditos/DB,IMPUESTOS DEBITOS,5,"0,25",,"-27.576.965,08"
09/08/2022,SIPAP - Pago Cheque de Cámara,CHEQUE,1,"69.024,00",,"-27.576.964,83"
09/08/2022,Impuesto Débitos y Créditos/DB,IMPUESTOS DEBITOS,5,"414,14",,"-27.507.940,83"
09/08/2022,SIPAP - Pago Cheque de Cámara,CHEQUE,1,"185.254,68",,"-27.507.526,69"
09/08/2022,Impuesto Débitos y Créditos/DB,IMPUESTOS DEBITOS,5,"1.111,53",,"-27.322.272,01"
09/08/2022,SIPAP - Pago Cheque de Cámara,CHEQUE,1,"78.542,34",,"-27.321.160,48"
09/08/2022,Impuesto Débitos y Créditos/DB,IMPUESTOS DEBITOS,5,"471,25",,"-27.242.618,14"
09/08/2022,SIPAP - Pago Cheque de Cámara,CHEQUE,1,"375.239,45",,"-27.242.146,89"
09/08/2022,Impuesto Débitos y Créditos/DB,IMPUESTOS DEBITOS,5,"2.251,44",,"-26.866.907,44"
09/08/2022,SIPAP - Pago Cheque de Cámara,CHEQUE,1,"250.159,63",,"-26.864.656,00"
09/08/2022,Impuesto Débitos y Créditos/DB,IMPUESTOS DEBITOS,5,"1.500,96",,"-26.614.496,37"
09/08/2022,SIPAP - Pago Cheque de Cámara,CHEQUE,1,"93.689,79",,"-26.612.995,41"
09/08/2022,Impuesto Débitos y Créditos/DB,IMPUESTOS DEBITOS,5,"562,14",,"-26.519.305,62"
09/08/2022,SIPAP - Pago Cheque de Cámara,CHEQUE,1,"358.211,15",,"-26.518.743,48"
09/08/2022,Impuesto Débitos y Créditos/DB,IMPUESTOS DEBITOS,5,"2.149,27",,"-26.160.532,33"
09/08/2022,SIPAP - Pago Cheque de Cámara,CHEQUE,1,"152.136,80",,"-26.158.383,06"
09/08/2022,Impuesto Débitos y Créditos/DB,IMPUESTOS DEBITOS,5,"912,82",,"-26.006.246,26"
09/08/2022,SIPAP - Pago Cheque de Cámara,CHEQUE,1,"99.866,10",,"-26.005.333,44"
09/08/2022,Impuesto Débitos y Créditos/DB,IMPUESTOS DEBITOS,5,"599,20",,"-25.905.467,34"
09/08/2022,SIPAP - Pago Cheque de Cámara,CHEQUE,1,"32.233,75",,"-25.904.868,14"
09/08/2022,Impuesto Débitos y Créditos/DB,IMPUESTOS DEBITOS,5,"193,40",,"-25.872.634,39"
09/08/2022,SIPAP - Pago Cheque de Cámara,CHEQUE,1,"77.039,19",,"-25.872.440,99"
09/08/2022,Impuesto Débitos y Créditos/DB,IMPUESTOS DEBITOS,5,"462,24",,"-25.795.401,80"
09/08/2022,SIPAP - Pago Cheque de Cámara,CHEQUE,1,"1.028.414,76",,"-25.794.939,56"
09/08/2022,Impuesto Débitos y Créditos/DB,IMPUESTOS DEBITOS,5,"6.170,49",,"-24.766.524,80"
09/08/2022,SIPAP - Pago Cheque de Cámara,CHEQUE,1,"53.902,74",,"-24.760.354,31"
09/08/2022,Impuesto Débitos y Créditos/DB,IMPUESTOS DEBITOS,5,"323,42",,"-24.706.451,57"
09/08/2022,SIPAP - Pago Cheque de Cámara,CHEQUE,1,"107.032,96",,"-24.706.128,15"
09/08/2022,Impuesto Débitos y Créditos/DB,IMPUESTOS DEBITOS,5,"642,20",,"-24.599.095,19"
09/08/2022,SIPAP - Pago Cheque de Cámara,CHEQUE,1,"77.472,86",,"-24.598.452,99"
09/08/2022,Impuesto Débitos y Créditos/DB,IMPUESTOS DEBITOS,5,"464,84",,"-24.520.980,13"
09/08/2022,SIPAP - Pago Cheque de Cámara,CHEQUE,1,"73.611,48",,"-24.520.515,29"
09/08/2022,Impuesto Débitos y Créditos/DB,IMPUESTOS DEBITOS,5,"441,67",,"-24.446.903,81"
09/08/2022,SIPAP - Pago Cheque de Cámara,CHEQUE,1,"51.313,54",,"-24.446.462,14"
09/08/2022,Impuesto Débitos y Créditos/DB,IMPUESTOS DEBITOS,5,"307,88",,"-24.395.148,60"
09/08/2022,SIPAP - Pago Cheque de Cámara,CHEQUE,1,"34.900,21",,"-24.394.840,72"
09/08/2022,Impuesto Débitos y Créditos/DB,IMPUESTOS DEBITOS,5,"209,40",,"-24.359.940,51"
09/08/2022,SIPAP - Pago Cheque de Cámara,CHEQUE,1,"166.439,09",,"-24.359.731,11"
09/08/2022,Impuesto Débitos y Créditos/DB,IMPUESTOS DEBITOS,5,"998,63",,"-24.193.292,02"
09/08/2022,SIPAP - Pago Cheque de Cámara,CHEQUE,1,"293.275,18",,"-24.192.293,39"
09/08/2022,Impuesto Débitos y Créditos/DB,IMPUESTOS DEBITOS,5,"1.759,65",,"-23.899.018,21"
09/08/2022,SIPAP - Pago Cheque de Cámara,CHEQUE,1,"228.205,20",,"-23.897.258,56"
09/08/2022,Impuesto Débitos y Créditos/DB,IMPUESTOS DEBITOS,5,"1.369,23",,"-23.669.053,36"
09/08/2022,Pago Cheque de Cámara Recibida,CHEQUE,1,"948.285,25",,"-23.667.684,13"
09/08/2022,Impuesto Débitos y Créditos/DB,IMPUESTOS DEBITOS,5,"5.689,71",,"-22.719.398,88"
09/08/2022,Pago Cheque de Cámara Recibida,CHEQUE,1,"1.180.339,52",,"-22.713.709,17"
09/08/2022,Impuesto Débitos y Créditos/DB,IMPUESTOS DEBITOS,5,"7.082,04",,"-21.533.369,65"
09/08/2022,SIPAP - Pago Cheque de Cámara,CHEQUE,1,"49.638,00",,"-21.526.287,61"
09/08/2022,Impuesto Débitos y Créditos/DB,IMPUESTOS DEBITOS,5,"297,83",,"-21.476.649,61"
09/08/2022,SIPAP - Pago Cheque de Cámara,CHEQUE,1,"94.622,58",,"-21.476.351,78"
09/08/2022,Impuesto Débitos y Créditos/DB,IMPUESTOS DEBITOS,5,"567,74",,"-21.381.729,20"
09/08/2022,SIPAP - Pago Cheque de Cámara,CHEQUE,1,"80.431,20",,"-21.381.161,46"
09/08/2022,Impuesto Débitos y Créditos/DB,IMPUESTOS DEBITOS,5,"482,59",,"-21.300.730,26"
09/08/2022,SIPAP - Pago Cheque de Cámara,CHEQUE,1,"68.443,71",,"-21.300.247,67"
09/08/2022,Impuesto Débitos y Créditos/DB,IMPUESTOS DEBITOS,5,"410,66",,"-21.231.803,96"
09/08/2022,SIPAP - Pago Cheque de Cámara,CHEQUE,1,"141.528,76",,"-21.231.393,30"
09/08/2022,Impuesto Débitos y Créditos/DB,IMPUESTOS DEBITOS,5,"849,17",,"-21.089.864,54"
09/08/2022,Pago Cheque de Cámara Recibida,CHEQUE,1,"2.250.000,00",,"-21.089.015,37"
09/08/2022,Impuesto Débitos y Créditos/DB,IMPUESTOS DEBITOS,5,"13.500,00",,"-18.839.015,37"
09/08/2022,Pago Cheque de Cámara Recibida,CHEQUE,1,"308.902,81",,"-18.825.515,37"
09/08/2022,Impuesto Débitos y Créditos/DB,IMPUESTOS DEBITOS,5,"1.853,42",,"-18.516.612,56"
09/08/2022,Pago Cheque de Cámara Recibida,CHEQUE,1,"2.000.000,00",,"-18.514.759,14"
09/08/2022,Impuesto Débitos y Créditos/DB,IMPUESTOS DEBITOS,5,"12.000,00",,"-16.514.759,14"
09/08/2022,Pago Cheque de Cámara Recibida,CHEQUE,1,"205.044,89",,"-16.502.759,14"
09/08/2022,Impuesto Débitos y Créditos/DB,IMPUESTOS DEBITOS,5,"1.230,27",,"-16.297.714,25"
09/08/2022,Pago Cheque de Cámara Recibida,CHEQUE,1,"2.082.928,68",,"-16.296.483,98"
09/08/2022,Impuesto Débitos y Créditos/DB,IMPUESTOS DEBITOS,5,"12.497,57",,"-14.213.555,30"
09/08/2022,Pago Cheque de Cámara Recibida,CHEQUE,1,"64.177,86",,"-14.201.057,73"
09/08/2022,Impuesto Débitos y Créditos/DB,IMPUESTOS DEBITOS,5,"385,07",,"-14.136.879,87"
09/08/2022,Pago Cheque de Cámara Recibida,CHEQUE,1,"46.244,29",,"-14.136.494,80"
09/08/2022,Impuesto Débitos y Créditos/DB,IMPUESTOS DEBITOS,5,"277,47",,"-14.090.250,51"
09/08/2022,Pago Cheque de Cámara Recibida,CHEQUE,1,"66.073,01",,"-14.089.973,04"
09/08/2022,Impuesto Débitos y Créditos/DB,IMPUESTOS DEBITOS,5,"396,44",,"-14.023.900,03"
09/08/2022,Pago Cheque de Cámara Recibida,CHEQUE,1,"1.500.000,00",,"-14.023.503,59"
09/08/2022,Impuesto Débitos y Créditos/DB,IMPUESTOS DEBITOS,5,"9.000,00",,"-12.523.503,59"
09/08/2022,SIPAP - Pago Cámara SPV 24 hs.,CHEQUE,1,"200.004,88",,"-12.514.503,59"
09/08/2022,Impuesto Débitos y Créditos/DB,IMPUESTOS DEBITOS,5,"1.200,03",,"-12.314.498,71"
09/08/2022,SIPAP - Pago Cámara SPV 24 hs.,CHEQUE,1,"55.791,60",,"-12.313.298,68"
09/08/2022,Impuesto Débitos y Créditos/DB,IMPUESTOS DEBITOS,5,"334,75",,"-12.257.507,08"
09/08/2022,SIPAP - Pago Cámara SPV 24 hs.,CHEQUE,1,"50.367,52",,"-12.257.172,33"
09/08/2022,Impuesto Débitos y Créditos/DB,IMPUESTOS DEBITOS,5,"302,21",,"-12.206.804,81"
08/08/2022,Comisión Consulta Cámara,COMISIONES,2,"35,00",,"-12.206.502,60"
08/08/2022,IVA,IVA,7,"7,35",,"-12.206.467,60"
08/08/2022,Crédito por Transferencia,TRANSFERENCIA,12,,"350.000,00","-12.206.460,25"
08/08/2022,IIBB- Acreditaciones Bancarias,IIBB,3,"6.300,00",,"-12.556.460,25"
08/08/2022,Impuesto Débitos y Créditos/CR,IMPUESTOS CREDITOS,4,"2.100,00",,"-12.550.160,25"
08/08/2022,Impuesto Débitos y Créditos/DB,IMPUESTOS DEBITOS,5,"37,80",,"-12.548.060,25"
08/08/2022,Crédito por Transferencia,TRANSFERENCIA,12,,"2.030.000,00","-12.548.022,45"
08/08/2022,DEB BCA ELECTRONICA INTRABANC,TRANSFERENCIA,12,"4.566.105,17",,"-14.578.022,45"
08/08/2022,Impuesto Débitos y Créditos/DB,IMPUESTOS DEBITOS,5,"27.396,63",,"-10.011.917,28"
08/08/2022,Descto. Docum.- Acreditación,OPERACIONES FINANCIERAS,8,,"1.992.794,40","-9.984.520,65"
08/08/2022,IIBB- Acreditaciones Bancarias,IIBB,3,"35.870,30",,"-11.977.315,05"
08/08/2022,Crédito por Transferencia,TRANSFERENCIA,12,,"2.500.000,00","-11.941.444,75"
08/08/2022,Trf. Masivas Pago Proveedores,TRANSFERENCIA,12,"38.286,05",,"-14.441.444,75"
08/08/2022,Impuesto Débitos y Créditos/DB,IMPUESTOS DEBITOS,5,"229,72",,"-14.403.158,70"
08/08/2022,Trf. Masivas Pago Proveedores,TRANSFERENCIA,12,"195.284,00",,"-14.402.928,98"
08/08/2022,Impuesto Débitos y Créditos/DB,IMPUESTOS DEBITOS,5,"1.171,70",,"-14.207.644,98"
08/08/2022,Pago Cheque de Cámara Recibida,CHEQUE,1,"18.376,88",,"-14.206.473,28"
08/08/2022,Impuesto Débitos y Créditos/DB,IMPUESTOS DEBITOS,5,"110,26",,"-14.188.096,40"
08/08/2022,Pago Cheque de Cámara Recibida,CHEQUE,1,"2.250.000,00",,"-14.187.986,14"
08/08/2022,Impuesto Débitos y Créditos/DB,IMPUESTOS DEBITOS,5,"13.500,00",,"-11.937.986,14"
08/08/2022,Pago Cheque de Cámara Recibida,CHEQUE,1,"50.490,00",,"-11.924.486,14"
08/08/2022,Impuesto Débitos y Créditos/DB,IMPUESTOS DEBITOS,5,"302,94",,"-11.873.996,14"
08/08/2022,Pago Cheque de Cámara Recibida,CHEQUE,1,"197.718,72",,"-11.873.693,20"
08/08/2022,Impuesto Débitos y Créditos/DB,IMPUESTOS DEBITOS,5,"1.186,31",,"-11.675.974,48"
08/08/2022,Pago Cheque de Cámara Recibida,CHEQUE,1,"1.555.484,45",,"-11.674.788,17"
08/08/2022,Impuesto Débitos y Créditos/DB,IMPUESTOS DEBITOS,5,"9.332,91",,"-10.119.303,72"
08/08/2022,Pago Cheque de Cámara Recibida,CHEQUE,1,"948.285,25",,"-10.109.970,81"
08/08/2022,Impuesto Débitos y Créditos/DB,IMPUESTOS DEBITOS,5,"5.689,71",,"-9.161.685,56"
05/08/2022,Impuesto Débitos y Créditos/DB,IMPUESTOS DEBITOS,5,"0,21",,"-9.155.995,85"
05/08/2022,Impuesto Débitos y Créditos/DB,IMPUESTOS DEBITOS,5,"0,04",,"-9.155.995,64"
05/08/2022,Comisión Consulta Cámara,COMISIONES,2,"35,00",,"-9.155.995,60"
05/08/2022,IVA,IVA,7,"7,35",,"-9.155.960,60"
05/08/2022,CRED BCA ELECTR INTERBANC EXEN,TRANSFERENCIA,12,,"1.100.000,00","-9.155.953,25"
05/08/2022,Descto. Docum.- Acreditación,OPERACIONES FINANCIERAS,8,,"1.527.750,80","-10.255.953,25"
05/08/2022,IIBB- Acreditaciones Bancarias,IIBB,3,"27.499,51",,"-11.783.704,05"
05/08/2022,Credito DEBIN,TRANSFERENCIA,12,,"285.000,00","-11.756.204,54"
05/08/2022,Trf. Masivas Pago Proveedores,TRANSFERENCIA,12,"106.176,00",,"-12.041.204,54"
05/08/2022,Impuesto Débitos y Créditos/DB,IMPUESTOS DEBITOS,5,"637,06",,"-11.935.028,54"
05/08/2022,Trf. Masivas Pago Proveedores,TRANSFERENCIA,12,"356.066,65",,"-11.934.391,48"
05/08/2022,Impuesto Débitos y Créditos/DB,IMPUESTOS DEBITOS,5,"2.136,40",,"-11.578.324,83"
05/08/2022,Trf. Masivas Pago Proveedores,TRANSFERENCIA,12,"23.562,00",,"-11.576.188,43"
05/08/2022,Impuesto Débitos y Créditos/DB,IMPUESTOS DEBITOS,5,"141,37",,"-11.552.626,43"
05/08/2022,Trf. Masivas Pago Proveedores,TRANSFERENCIA,12,"136.714,98",,"-11.552.485,06"
05/08/2022,Impuesto Débitos y Créditos/DB,IMPUESTOS DEBITOS,5,"820,29",,"-11.415.770,08"
05/08/2022,Trf. Masivas Pago Proveedores,TRANSFERENCIA,12,"55.348,00",,"-11.414.949,79"
05/08/2022,Impuesto Débitos y Créditos/DB,IMPUESTOS DEBITOS,5,"332,09",,"-11.359.601,79"
05/08/2022,Trf. Masivas Pago Proveedores,TRANSFERENCIA,12,"212.767,44",,"-11.359.269,70"
05/08/2022,Impuesto Débitos y Créditos/DB,IMPUESTOS DEBITOS,5,"1.276,60",,"-11.146.502,26"
05/08/2022,Trf. Masivas Pago Proveedores,TRANSFERENCIA,12,"31.736,00",,"-11.145.225,66"
05/08/2022,Impuesto Débitos y Créditos/DB,IMPUESTOS DEBITOS,5,"190,42",,"-11.113.489,66"
05/08/2022,Trf. Masivas Pago Proveedores,TRANSFERENCIA,12,"57.829,35",,"-11.113.299,24"
05/08/2022,Impuesto Débitos y Créditos/DB,IMPUESTOS DEBITOS,5,"346,98",,"-11.055.469,89"
05/08/2022,Trf. Masivas Pago Proveedores,TRANSFERENCIA,12,"45.076,68",,"-11.055.122,91"
05/08/2022,Impuesto Débitos y Créditos/DB,IMPUESTOS DEBITOS,5,"270,46",,"-11.010.046,23"
05/08/2022,Trf. Masivas Pago Proveedores,TRANSFERENCIA,12,"29.692,76",,"-11.009.775,77"
05/08/2022,Impuesto Débitos y Créditos/DB,IMPUESTOS DEBITOS,5,"178,16",,"-10.980.083,01"
05/08/2022,Trf. Masivas Pago Proveedores,TRANSFERENCIA,12,"120.756,00",,"-10.979.904,85"
05/08/2022,Impuesto Débitos y Créditos/DB,IMPUESTOS DEBITOS,5,"724,54",,"-10.859.148,85"
05/08/2022,Trf. Masivas Pago Proveedores,TRANSFERENCIA,12,"188.680,14",,"-10.858.424,31"
05/08/2022,Impuesto Débitos y Créditos/DB,IMPUESTOS DEBITOS,5,"1.132,08",,"-10.669.744,17"
05/08/2022,Trf. Masivas Pago Proveedores,TRANSFERENCIA,12,"69.740,00",,"-10.668.612,09"
05/08/2022,Impuesto Débitos y Créditos/DB,IMPUESTOS DEBITOS,5,"418,44",,"-10.598.872,09"
05/08/2022,Trf. Masivas Pago Proveedores,TRANSFERENCIA,12,"86.811,27",,"-10.598.453,65"
05/08/2022,Impuesto Débitos y Créditos/DB,IMPUESTOS DEBITOS,5,"520,87",,"-10.511.642,38"
05/08/2022,Trf. Masivas Pago Proveedores,TRANSFERENCIA,12,"75.388,00",,"-10.511.121,51"
05/08/2022,Impuesto Débitos y Créditos/DB,IMPUESTOS DEBITOS,5,"452,33",,"-10.435.733,51"
05/08/2022,Trf. Masivas Pago Proveedores,TRANSFERENCIA,12,"47.774,00",,"-10.435.281,18"
05/08/2022,Impuesto Débitos y Créditos/DB,IMPUESTOS DEBITOS,5,"286,64",,"-10.387.507,18"
05/08/2022,Trf. Masivas Pago Proveedores,TRANSFERENCIA,12,"80.136,00",,"-10.387.220,54"
05/08/2022,Impuesto Débitos y Créditos/DB,IMPUESTOS DEBITOS,5,"480,82",,"-10.307.084,54"
05/08/2022,Trf. Masivas Pago Proveedores,TRANSFERENCIA,12,"107.176,40",,"-10.306.603,72"
05/08/2022,Impuesto Débitos y Créditos/DB,IMPUESTOS DEBITOS,5,"643,06",,"-10.199.427,32"
05/08/2022,Trf. Masivas Pago Proveedores,TRANSFERENCIA,12,"70.000,07",,"-10.198.784,26"
05/08/2022,Impuesto Débitos y Créditos/DB,IMPUESTOS DEBITOS,5,"420,00",,"-10.128.784,19"
05/08/2022,Trf. Masivas Pago Proveedores,TRANSFERENCIA,12,"114.649,07",,"-10.128.364,19"
05/08/2022,Impuesto Débitos y Créditos/DB,IMPUESTOS DEBITOS,5,"687,89",,"-10.013.715,12"
05/08/2022,Descto. Docum.- Acreditación,OPERACIONES FINANCIERAS,8,,"4.701.617,72","-10.013.027,23"
05/08/2022,IIBB- Acreditaciones Bancarias,IIBB,3,"84.629,12",,"-14.714.644,95"
05/08/2022,CRED BCA ELECTRONICA INTERBANC,TRANSFERENCIA,12,,"130.384,34","-14.630.015,83"
05/08/2022,IIBB- Acreditaciones Bancarias,IIBB,3,"2.346,92",,"-14.760.400,17"
05/08/2022,Impuesto Débitos y Créditos/CR,IMPUESTOS CREDITOS,4,"782,31",,"-14.758.053,25"
05/08/2022,Impuesto Débitos y Créditos/DB,IMPUESTOS DEBITOS,5,"14,08",,"-14.757.270,94"
05/08/2022,Pago Cheque de Cámara Recibida,CHEQUE,1,"34.787,79",,"-14.757.256,86"
05/08/2022,Impuesto Débitos y Créditos/DB,IMPUESTOS DEBITOS,5,"208,73",,"-14.722.469,07"
05/08/2022,Pago Cheque de Cámara Recibida,CHEQUE,1,"196.337,30",,"-14.722.260,34"
05/08/2022,Impuesto Débitos y Créditos/DB,IMPUESTOS DEBITOS,5,"1.178,02",,"-14.525.923,04"
05/08/2022,Pago Cheque de Cámara Recibida,CHEQUE,1,"200.000,00",,"-14.524.745,02"
05/08/2022,Impuesto Débitos y Créditos/DB,IMPUESTOS DEBITOS,5,"1.200,00",,"-14.324.745,02"
05/08/2022,Pago Cheque de Cámara Recibida,CHEQUE,1,"87.871,88",,"-14.323.545,02"
05/08/2022,Impuesto Débitos y Créditos/DB,IMPUESTOS DEBITOS,5,"527,23",,"-14.235.673,14"
05/08/2022,Pago Cheque de Cámara Recibida,CHEQUE,1,"29.700,00",,"-14.235.145,91"
05/08/2022,Impuesto Débitos y Créditos/DB,IMPUESTOS DEBITOS,5,"178,20",,"-14.205.445,91"
05/08/2022,Pago Cheque de Cámara Recibida,CHEQUE,1,"948.285,25",,"-14.205.267,71"
05/08/2022,Impuesto Débitos y Créditos/DB,IMPUESTOS DEBITOS,5,"5.689,71",,"-13.256.982,46"
05/08/2022,Pago Cheque de Cámara Recibida,CHEQUE,1,"2.250.000,00",,"-13.251.292,75"
05/08/2022,Impuesto Débitos y Créditos/DB,IMPUESTOS DEBITOS,5,"13.500,00",,"-11.001.292,75"
05/08/2022,Pago Cheque de Cámara Recibida,CHEQUE,1,"1.009.848,20",,"-10.987.792,75"
05/08/2022,Impuesto Débitos y Créditos/DB,IMPUESTOS DEBITOS,5,"6.059,09",,"-9.977.944,55"
04/08/2022,Impuesto Débitos y Créditos/DB,IMPUESTOS DEBITOS,5,"0,21",,"-9.971.885,46"
04/08/2022,Impuesto Débitos y Créditos/DB,IMPUESTOS DEBITOS,5,"0,04",,"-9.971.885,25"
04/08/2022,Impuesto Débitos y Créditos/DB,IMPUESTOS DEBITOS,5,"4.205,92",,"-9.971.885,21"
04/08/2022,Devolución Imp. Débitos,IMPUESTOS DEBITOS,5,,"14,10","-9.967.679,29"
04/08/2022,Devolución Imp. Débitos,IMPUESTOS DEBITOS,5,,"1,48","-9.967.693,39"
04/08/2022,Comisión Consulta Cámara,COMISIONES,2,"35,00",,"-9.967.694,87"
04/08/2022,IVA,IVA,7,"7,35",,"-9.967.659,87"
04/08/2022,Pago de Servicios,TRANSFERENCIA,12,"700.986,16",,"-9.967.652,52"
04/08/2022,Crédito por Transferencia,TRANSFERENCIA,12,,"100.000,00","-9.266.666,36"
04/08/2022,Trf. Masivas Pago Proveedores,TRANSFERENCIA,12,"70.011,00",,"-9.366.666,36"
04/08/2022,Impuesto Débitos y Créditos/DB,IMPUESTOS DEBITOS,5,"420,07",,"-9.296.655,36"
04/08/2022,Trf. Masivas Pago Proveedores,TRANSFERENCIA,12,"75.037,00",,"-9.296.235,29"
04/08/2022,Impuesto Débitos y Créditos/DB,IMPUESTOS DEBITOS,5,"450,22",,"-9.221.198,29"
04/08/2022,Trf. Masivas Pago Proveedores,TRANSFERENCIA,12,"50.008,00",,"-9.220.748,07"
04/08/2022,Impuesto Débitos y Créditos/DB,IMPUESTOS DEBITOS,5,"300,05",,"-9.170.740,07"
04/08/2022,Trf. Masivas Pago Proveedores,TRANSFERENCIA,12,"94.575,00",,"-9.170.440,02"
04/08/2022,Impuesto Débitos y Créditos/DB,IMPUESTOS DEBITOS,5,"567,45",,"-9.075.865,02"
04/08/2022,Trf. Masivas Pago Proveedores,TRANSFERENCIA,12,"148.781,00",,"-9.075.297,57"
04/08/2022,Impuesto Débitos y Créditos/DB,IMPUESTOS DEBITOS,5,"892,69",,"-8.926.516,57"
04/08/2022,Trf. Masivas Pago Proveedores,TRANSFERENCIA,12,"64.232,00",,"-8.925.623,88"
04/08/2022,Impuesto Débitos y Créditos/DB,IMPUESTOS DEBITOS,5,"385,39",,"-8.861.391,88"
04/08/2022,Trf. Masivas Pago Proveedores,TRANSFERENCIA,12,"306.639,00",,"-8.861.006,49"
04/08/2022,Impuesto Débitos y Créditos/DB,IMPUESTOS DEBITOS,5,"1.839,83",,"-8.554.367,49"
04/08/2022,Trf. Masivas Pago Proveedores,TRANSFERENCIA,12,"104.917,00",,"-8.552.527,66"
04/08/2022,Impuesto Débitos y Créditos/DB,IMPUESTOS DEBITOS,5,"629,50",,"-8.447.610,66"
04/08/2022,Trf. Masivas Pago Proveedores,TRANSFERENCIA,12,"107.705,00",,"-8.446.981,16"
04/08/2022,Impuesto Débitos y Créditos/DB,IMPUESTOS DEBITOS,5,"646,23",,"-8.339.276,16"
04/08/2022,Trf. Masivas Pago Proveedores,TRANSFERENCIA,12,"120.467,00",,"-8.338.629,93"
04/08/2022,Impuesto Débitos y Créditos/DB,IMPUESTOS DEBITOS,5,"722,80",,"-8.218.162,93"
04/08/2022,Trf. Masivas Pago Proveedores,TRANSFERENCIA,12,"111.192,00",,"-8.217.440,13"
04/08/2022,Impuesto Débitos y Créditos/DB,IMPUESTOS DEBITOS,5,"667,15",,"-8.106.248,13"
04/08/2022,Trf. Masivas Pago Proveedores,TRANSFERENCIA,12,"100.713,00",,"-8.105.580,98"
04/08/2022,Impuesto Débitos y Créditos/DB,IMPUESTOS DEBITOS,5,"604,28",,"-8.004.867,98"
04/08/2022,Trf. Masivas Pago Proveedores,TRANSFERENCIA,12,"77.647,00",,"-8.004.263,70"
04/08/2022,Impuesto Débitos y Créditos/DB,IMPUESTOS DEBITOS,5,"465,88",,"-7.926.616,70"
04/08/2022,Trf. Masivas Pago Proveedores,TRANSFERENCIA,12,"107.721,00",,"-7.926.150,82"
04/08/2022,Impuesto Débitos y Créditos/DB,IMPUESTOS DEBITOS,5,"646,33",,"-7.818.429,82"
04/08/2022,Trf. Masivas Pago Proveedores,TRANSFERENCIA,12,"44.000,00",,"-7.817.783,49"
04/08/2022,Impuesto Débitos y Créditos/DB,IMPUESTOS DEBITOS,5,"264,00",,"-7.773.783,49"
04/08/2022,Trf. Masivas Pago Proveedores,TRANSFERENCIA,12,"72.872,00",,"-7.773.519,49"
04/08/2022,Impuesto Débitos y Créditos/DB,IMPUESTOS DEBITOS,5,"437,23",,"-7.700.647,49"
04/08/2022,Trf. Masivas Pago Proveedores,TRANSFERENCIA,12,"64.611,00",,"-7.700.210,26"
04/08/2022,Impuesto Débitos y Créditos/DB,IMPUESTOS DEBITOS,5,"387,67",,"-7.635.599,26"
04/08/2022,Trf. Masivas Pago Proveedores,TRANSFERENCIA,12,"164.150,00",,"-7.635.211,59"
04/08/2022,Impuesto Débitos y Créditos/DB,IMPUESTOS DEBITOS,5,"984,90",,"-7.471.061,59"
04/08/2022,Trf. Masivas Pago Proveedores,TRANSFERENCIA,12,"183.179,00",,"-7.470.076,69"
04/08/2022,Impuesto Débitos y Créditos/DB,IMPUESTOS DEBITOS,5,"1.099,07",,"-7.286.897,69"
04/08/2022,Trf. Masivas Pago Proveedores,TRANSFERENCIA,12,"257.627,00",,"-7.285.798,62"
04/08/2022,Impuesto Débitos y Créditos/DB,IMPUESTOS DEBITOS,5,"1.545,76",,"-7.028.171,62"
04/08/2022,Trf. Masivas Pago Proveedores,TRANSFERENCIA,12,"166.000,00",,"-7.026.625,86"
04/08/2022,Impuesto Débitos y Créditos/DB,IMPUESTOS DEBITOS,5,"996,00",,"-6.860.625,86"
04/08/2022,Trf. Masivas Pago Proveedores,TRANSFERENCIA,12,"116.200,00",,"-6.859.629,86"
04/08/2022,Impuesto Débitos y Créditos/DB,IMPUESTOS DEBITOS,5,"697,20",,"-6.743.429,86"
04/08/2022,Trf. Masivas Pago Proveedores,TRANSFERENCIA,12,"113.390,00",,"-6.742.732,66"
04/08/2022,Impuesto Débitos y Créditos/DB,IMPUESTOS DEBITOS,5,"680,34",,"-6.629.342,66"
04/08/2022,Trf. Masivas Pago Proveedores,TRANSFERENCIA,12,"190.799,00",,"-6.628.662,32"
04/08/2022,Impuesto Débitos y Créditos/DB,IMPUESTOS DEBITOS,5,"1.144,79",,"-6.437.863,32"
04/08/2022,Trf. Masivas Pago Proveedores,TRANSFERENCIA,12,"109.145,00",,"-6.436.718,53"
04/08/2022,Impuesto Débitos y Créditos/DB,IMPUESTOS DEBITOS,5,"654,87",,"-6.327.573,53"
04/08/2022,Trf. Masivas Pago Proveedores,TRANSFERENCIA,12,"229.658,00",,"-6.326.918,66"
04/08/2022,Impuesto Débitos y Créditos/DB,IMPUESTOS DEBITOS,5,"1.377,95",,"-6.097.260,66"
04/08/2022,Trf. Masivas Pago Proveedores,TRANSFERENCIA,12,"164.830,00",,"-6.095.882,71"
04/08/2022,Impuesto Débitos y Créditos/DB,IMPUESTOS DEBITOS,5,"988,98",,"-5.931.052,71"
04/08/2022,Trf. Masivas Pago Proveedores,TRANSFERENCIA,12,"62.724,00",,"-5.930.063,73"
04/08/2022,Impuesto Débitos y Créditos/DB,IMPUESTOS DEBITOS,5,"376,34",,"-5.867.339,73"
04/08/2022,Trf. Masivas Pago Proveedores,TRANSFERENCIA,12,"131.140,00",,"-5.866.963,39"
04/08/2022,Impuesto Débitos y Créditos/DB,IMPUESTOS DEBITOS,5,"786,84",,"-5.735.823,39"
04/08/2022,Trf. Masivas Pago Proveedores,TRANSFERENCIA,12,"102.963,00",,"-5.735.036,55"
04/08/2022,Impuesto Débitos y Créditos/DB,IMPUESTOS DEBITOS,5,"617,78",,"-5.632.073,55"
04/08/2022,Trf. Masivas Pago Proveedores,TRANSFERENCIA,12,"62.873,00",,"-5.631.455,77"
04/08/2022,Impuesto Débitos y Créditos/DB,IMPUESTOS DEBITOS,5,"377,24",,"-5.568.582,77"
04/08/2022,Trf. Masivas Pago Proveedores,TRANSFERENCIA,12,"129.503,00",,"-5.568.205,53"
04/08/2022,Impuesto Débitos y Créditos/DB,IMPUESTOS DEBITOS,5,"777,02",,"-5.438.702,53"
04/08/2022,Trf. Masivas Pago Proveedores,TRANSFERENCIA,12,"50.000,00",,"-5.437.925,51"
04/08/2022,Impuesto Débitos y Créditos/DB,IMPUESTOS DEBITOS,5,"300,00",,"-5.387.925,51"
04/08/2022,Trf. Masivas Pago Proveedores,TRANSFERENCIA,12,"207.500,00",,"-5.387.625,51"
04/08/2022,Impuesto Débitos y Créditos/DB,IMPUESTOS DEBITOS,5,"1.245,00",,"-5.180.125,51"
04/08/2022,Trf. Masivas Pago Proveedores,TRANSFERENCIA,12,"78.616,00",,"-5.178.880,51"
04/08/2022,Impuesto Débitos y Créditos/DB,IMPUESTOS DEBITOS,5,"471,70",,"-5.100.264,51"
04/08/2022,Trf. Masivas Pago Proveedores,TRANSFERENCIA,12,"209.160,00",,"-5.099.792,81"
04/08/2022,Impuesto Débitos y Créditos/DB,IMPUESTOS DEBITOS,5,"1.254,96",,"-4.890.632,81"
04/08/2022,Trf. Masivas Pago Proveedores,TRANSFERENCIA,12,"236.333,00",,"-4.889.377,85"
04/08/2022,Impuesto Débitos y Créditos/DB,IMPUESTOS DEBITOS,5,"1.418,00",,"-4.653.044,85"
04/08/2022,Trf. Masivas Pago Proveedores,TRANSFERENCIA,12,"249.000,00",,"-4.651.626,85"
04/08/2022,Impuesto Débitos y Créditos/DB,IMPUESTOS DEBITOS,5,"1.494,00",,"-4.402.626,85"
04/08/2022,Trf. Masivas Pago Proveedores,TRANSFERENCIA,12,"62.724,00",,"-4.401.132,85"
04/08/2022,Impuesto Débitos y Créditos/DB,IMPUESTOS DEBITOS,5,"376,34",,"-4.338.408,85"
04/08/2022,Trf. Masivas Pago Proveedores,TRANSFERENCIA,12,"86.178,00",,"-4.338.032,51"
04/08/2022,Impuesto Débitos y Créditos/DB,IMPUESTOS DEBITOS,5,"517,07",,"-4.251.854,51"
04/08/2022,Trf. Masivas Pago Proveedores,TRANSFERENCIA,12,"93.843,00",,"-4.251.337,44"
04/08/2022,Impuesto Débitos y Créditos/DB,IMPUESTOS DEBITOS,5,"563,06",,"-4.157.494,44"
04/08/2022,Trf. Masivas Pago Proveedores,TRANSFERENCIA,12,"108.342,00",,"-4.156.931,38"
04/08/2022,Impuesto Débitos y Créditos/DB,IMPUESTOS DEBITOS,5,"650,05",,"-4.048.589,38"
04/08/2022,Trf. Masivas Pago Proveedores,TRANSFERENCIA,12,"98.194,00",,"-4.047.939,33"
04/08/2022,Impuesto Débitos y Créditos/DB,IMPUESTOS DEBITOS,5,"589,16",,"-3.949.745,33"
04/08/2022,Trf. Masivas Pago Proveedores,TRANSFERENCIA,12,"121.433,00",,"-3.949.156,17"
04/08/2022,Impuesto Débitos y Créditos/DB,IMPUESTOS DEBITOS,5,"728,60",,"-3.827.723,17"
04/08/2022,Trf. Masivas Pago Proveedores,TRANSFERENCIA,12,"125.710,00",,"-3.826.994,57"
04/08/2022,Impuesto Débitos y Créditos/DB,IMPUESTOS DEBITOS,5,"754,26",,"-3.701.284,57"
04/08/2022,Trf. Masivas Pago Proveedores,TRANSFERENCIA,12,"153.499,00",,"-3.700.530,31"
04/08/2022,Impuesto Débitos y Créditos/DB,IMPUESTOS DEBITOS,5,"920,99",,"-3.547.031,31"
04/08/2022,Trf. Masivas Pago Proveedores,TRANSFERENCIA,12,"178.762,00",,"-3.546.110,32"
04/08/2022,Impuesto Débitos y Créditos/DB,IMPUESTOS DEBITOS,5,"1.072,57",,"-3.367.348,32"
04/08/2022,Trf. Masivas Pago Proveedores,TRANSFERENCIA,12,"96.694,00",,"-3.366.275,75"
04/08/2022,Impuesto Débitos y Créditos/DB,IMPUESTOS DEBITOS,5,"580,16",,"-3.269.581,75"
04/08/2022,Trf. Masivas Pago Proveedores,TRANSFERENCIA,12,"47.102,00",,"-3.269.001,59"
04/08/2022,Impuesto Débitos y Créditos/DB,IMPUESTOS DEBITOS,5,"282,61",,"-3.221.899,59"
04/08/2022,Trf. Masivas Pago Proveedores,TRANSFERENCIA,12,"127.440,00",,"-3.221.616,98"
04/08/2022,Impuesto Débitos y Créditos/DB,IMPUESTOS DEBITOS,5,"764,64",,"-3.094.176,98"
04/08/2022,Trf. Masivas Pago Proveedores,TRANSFERENCIA,12,"111.950,00",,"-3.093.412,34"
04/08/2022,Impuesto Débitos y Créditos/DB,IMPUESTOS DEBITOS,5,"671,70",,"-2.981.462,34"
04/08/2022,Trf. Masivas Pago Proveedores,TRANSFERENCIA,12,"133.664,00",,"-2.980.790,64"
04/08/2022,Impuesto Débitos y Créditos/DB,IMPUESTOS DEBITOS,5,"801,98",,"-2.847.126,64"
04/08/2022,Trf. Masivas Pago Proveedores,TRANSFERENCIA,12,"58.100,00",,"-2.846.324,66"
04/08/2022,Impuesto Débitos y Créditos/DB,IMPUESTOS DEBITOS,5,"348,60",,"-2.788.224,66"
04/08/2022,Trf. Masivas Pago Proveedores,TRANSFERENCIA,12,"87.786,00",,"-2.787.876,06"
04/08/2022,Impuesto Débitos y Créditos/DB,IMPUESTOS DEBITOS,5,"526,72",,"-2.700.090,06"
04/08/2022,Trf. Masivas Pago Proveedores,TRANSFERENCIA,12,"108.550,00",,"-2.699.563,34"
04/08/2022,Impuesto Débitos y Créditos/DB,IMPUESTOS DEBITOS,5,"651,30",,"-2.591.013,34"
04/08/2022,Trf. Masivas Pago Proveedores,TRANSFERENCIA,12,"88.702,00",,"-2.590.362,04"
04/08/2022,Impuesto Débitos y Créditos/DB,IMPUESTOS DEBITOS,5,"532,21",,"-2.501.660,04"
04/08/2022,Trf. Masivas Pago Proveedores,TRANSFERENCIA,12,"72.346,00",,"-2.501.127,83"
04/08/2022,Impuesto Débitos y Créditos/DB,IMPUESTOS DEBITOS,5,"434,08",,"-2.428.781,83"
04/08/2022,Trf. Masivas Pago Proveedores,TRANSFERENCIA,12,"79.404,00",,"-2.428.347,75"
04/08/2022,Impuesto Débitos y Créditos/DB,IMPUESTOS DEBITOS,5,"476,42",,"-2.348.943,75"
04/08/2022,Trf. Masivas Pago Proveedores,TRANSFERENCIA,12,"76.553,00",,"-2.348.467,33"
04/08/2022,Impuesto Débitos y Créditos/DB,IMPUESTOS DEBITOS,5,"459,32",,"-2.271.914,33"
04/08/2022,Trf. Masivas Pago Proveedores,TRANSFERENCIA,12,"76.559,00",,"-2.271.455,01"
04/08/2022,Impuesto Débitos y Créditos/DB,IMPUESTOS DEBITOS,5,"459,35",,"-2.194.896,01"
04/08/2022,Trf. Masivas Pago Proveedores,TRANSFERENCIA,12,"114.243,00",,"-2.194.436,66"
04/08/2022,Impuesto Débitos y Créditos/DB,IMPUESTOS DEBITOS,5,"685,46",,"-2.080.193,66"
04/08/2022,Trf. Masivas Pago Proveedores,TRANSFERENCIA,12,"105.829,00",,"-2.079.508,20"
04/08/2022,Impuesto Débitos y Créditos/DB,IMPUESTOS DEBITOS,5,"634,97",,"-1.973.679,20"
04/08/2022,Trf. Masivas Pago Proveedores,TRANSFERENCIA,12,"189.151,00",,"-1.973.044,23"
04/08/2022,Impuesto Débitos y Créditos/DB,IMPUESTOS DEBITOS,5,"1.134,91",,"-1.783.893,23"
04/08/2022,Trf. Masivas Pago Proveedores,TRANSFERENCIA,12,"118.650,00",,"-1.782.758,32"
04/08/2022,Impuesto Débitos y Créditos/DB,IMPUESTOS DEBITOS,5,"711,90",,"-1.664.108,32"
04/08/2022,Trf. Masivas Pago Proveedores,TRANSFERENCIA,12,"82.021,00",,"-1.663.396,42"
04/08/2022,Impuesto Débitos y Créditos/DB,IMPUESTOS DEBITOS,5,"492,13",,"-1.581.375,42"
04/08/2022,Trf. Masivas Pago Proveedores,TRANSFERENCIA,12,"124.352,00",,"-1.580.883,29"
04/08/2022,Impuesto Débitos y Créditos/DB,IMPUESTOS DEBITOS,5,"746,11",,"-1.456.531,29"
04/08/2022,Trf. Masivas Pago Proveedores,TRANSFERENCIA,12,"88.158,00",,"-1.455.785,18"
04/08/2022,Impuesto Débitos y Créditos/DB,IMPUESTOS DEBITOS,5,"528,95",,"-1.367.627,18"
04/08/2022,Trf. Masivas Pago Proveedores,TRANSFERENCIA,12,"71.852,00",,"-1.367.098,23"
04/08/2022,Impuesto Débitos y Créditos/DB,IMPUESTOS DEBITOS,5,"431,11",,"-1.295.246,23"
04/08/2022,Trf. Masivas Pago Proveedores,TRANSFERENCIA,12,"119.125,00",,"-1.294.815,12"
04/08/2022,Impuesto Débitos y Créditos/DB,IMPUESTOS DEBITOS,5,"714,75",,"-1.175.690,12"
04/08/2022,Trf. Masivas Pago Proveedores,TRANSFERENCIA,12,"97.805,00",,"-1.174.975,37"
04/08/2022,Impuesto Débitos y Créditos/DB,IMPUESTOS DEBITOS,5,"586,83",,"-1.077.170,37"
04/08/2022,Trf. Masivas Pago Proveedores,TRANSFERENCIA,12,"75.340,00",,"-1.076.583,54"
04/08/2022,Impuesto Débitos y Créditos/DB,IMPUESTOS DEBITOS,5,"452,04",,"-1.001.243,54"
04/08/2022,Trf. Masivas Pago Proveedores,TRANSFERENCIA,12,"81.429,00",,"-1.000.791,50"
04/08/2022,Impuesto Débitos y Créditos/DB,IMPUESTOS DEBITOS,5,"488,57",,"-919.362,50"
04/08/2022,Trf. Masivas Pago Proveedores,TRANSFERENCIA,12,"99.600,00",,"-918.873,93"
04/08/2022,Impuesto Débitos y Créditos/DB,IMPUESTOS DEBITOS,5,"597,60",,"-819.273,93"
04/08/2022,Trf. Masivas Pago Proveedores,TRANSFERENCIA,12,"112.120,00",,"-818.676,33"
04/08/2022,Impuesto Débitos y Créditos/DB,IMPUESTOS DEBITOS,5,"672,72",,"-706.556,33"
04/08/2022,Trf. Masivas Pago Proveedores,TRANSFERENCIA,12,"120.001,00",,"-705.883,61"
04/08/2022,Impuesto Débitos y Créditos/DB,IMPUESTOS DEBITOS,5,"720,01",,"-585.882,61"
04/08/2022,Trf. Masivas Pago Proveedores,TRANSFERENCIA,12,"110.988,00",,"-585.162,60"
04/08/2022,Impuesto Débitos y Créditos/DB,IMPUESTOS DEBITOS,5,"665,93",,"-474.174,60"
04/08/2022,Trf. Masivas Pago Proveedores,TRANSFERENCIA,12,"123.489,00",,"-473.508,67"
04/08/2022,Impuesto Débitos y Créditos/DB,IMPUESTOS DEBITOS,5,"740,93",,"-350.019,67"
04/08/2022,Trf. Masivas Pago Proveedores,TRANSFERENCIA,12,"119.292,00",,"-349.278,74"
04/08/2022,Impuesto Débitos y Créditos/DB,IMPUESTOS DEBITOS,5,"715,75",,"-229.986,74"
04/08/2022,Trf. Masivas Pago Proveedores,TRANSFERENCIA,12,"194.062,00",,"-229.270,99"
04/08/2022,Impuesto Débitos y Créditos/DB,IMPUESTOS DEBITOS,5,"1.164,37",,"-35.208,99"
04/08/2022,Trf. Masivas Pago Proveedores,TRANSFERENCIA,12,"117.008,00",,"-34.044,62"
04/08/2022,Impuesto Débitos y Créditos/DB,IMPUESTOS DEBITOS,5,"702,05",,"82.963,38"
04/08/2022,Trf. Masivas Pago Proveedores,TRANSFERENCIA,12,"143.715,00",,"83.665,43"
04/08/2022,Impuesto Débitos y Créditos/DB,IMPUESTOS DEBITOS,5,"862,29",,"227.380,43"
04/08/2022,Trf. Masivas Pago Proveedores,TRANSFERENCIA,12,"106.669,00",,"228.242,72"
04/08/2022,Impuesto Débitos y Créditos/DB,IMPUESTOS DEBITOS,5,"640,01",,"334.911,72"
04/08/2022,Trf. Masivas Pago Proveedores,TRANSFERENCIA,12,"60.009,00",,"335.551,73"
04/08/2022,Impuesto Débitos y Créditos/DB,IMPUESTOS DEBITOS,5,"360,05",,"395.560,73"
04/08/2022,Trf. Masivas Pago Proveedores,TRANSFERENCIA,12,"73.340,00",,"395.920,78"
04/08/2022,Impuesto Débitos y Créditos/DB,IMPUESTOS DEBITOS,5,"440,04",,"469.260,78"
04/08/2022,Trf. Masivas Pago Proveedores,TRANSFERENCIA,12,"121.694,00",,"469.700,82"
04/08/2022,Impuesto Débitos y Créditos/DB,IMPUESTOS DEBITOS,5,"730,16",,"591.394,82"
04/08/2022,Trf. Masivas Pago Proveedores,TRANSFERENCIA,12,"84.296,00",,"592.124,98"
04/08/2022,Impuesto Débitos y Créditos/DB,IMPUESTOS DEBITOS,5,"505,78",,"676.420,98"
04/08/2022,Trf. Masivas Pago Proveedores,TRANSFERENCIA,12,"150.918,00",,"676.926,76"
04/08/2022,Impuesto Débitos y Créditos/DB,IMPUESTOS DEBITOS,5,"905,51",,"827.844,76"
04/08/2022,Trf. Masivas Pago Proveedores,TRANSFERENCIA,12,"59.013,00",,"828.750,27"
04/08/2022,Impuesto Débitos y Créditos/DB,IMPUESTOS DEBITOS,5,"354,08",,"887.763,27"
04/08/2022,Trf. Masivas Pago Proveedores,TRANSFERENCIA,12,"103.062,00",,"888.117,35"
04/08/2022,Impuesto Débitos y Créditos/DB,IMPUESTOS DEBITOS,5,"618,37",,"991.179,35"
04/08/2022,Trf. Masivas Pago Proveedores,TRANSFERENCIA,12,"116.466,00",,"991.797,72"
04/08/2022,Impuesto Débitos y Créditos/DB,IMPUESTOS DEBITOS,5,"698,80",,"1.108.263,72"
04/08/2022,Trf. Masivas Pago Proveedores,TRANSFERENCIA,12,"140.774,00",,"1.108.962,52"
04/08/2022,Impuesto Débitos y Créditos/DB,IMPUESTOS DEBITOS,5,"844,64",,"1.249.736,52"
04/08/2022,Trf. Masivas Pago Proveedores,TRANSFERENCIA,12,"136.722,00",,"1.250.581,16"
04/08/2022,Impuesto Débitos y Créditos/DB,IMPUESTOS DEBITOS,5,"820,33",,"1.387.303,16"
04/08/2022,Trf. Masivas Pago Proveedores,TRANSFERENCIA,12,"173.769,00",,"1.388.123,49"
04/08/2022,Impuesto Débitos y Créditos/DB,IMPUESTOS DEBITOS,5,"1.042,61",,"1.561.892,49"
04/08/2022,Trf. Masivas Pago Proveedores,TRANSFERENCIA,12,"162.517,00",,"1.562.935,10"
04/08/2022,Impuesto Débitos y Créditos/DB,IMPUESTOS DEBITOS,5,"975,10",,"1.725.452,10"
04/08/2022,Trf. Masivas Pago Proveedores,TRANSFERENCIA,12,"112.266,00",,"1.726.427,20"
04/08/2022,Impuesto Débitos y Créditos/DB,IMPUESTOS DEBITOS,5,"673,60",,"1.838.693,20"
04/08/2022,Trf. Masivas Pago Proveedores,TRANSFERENCIA,12,"132.019,00",,"1.839.366,80"
04/08/2022,Impuesto Débitos y Créditos/DB,IMPUESTOS DEBITOS,5,"792,11",,"1.971.385,80"
04/08/2022,Trf. Masivas Pago Proveedores,TRANSFERENCIA,12,"99.981,00",,"1.972.177,91"
04/08/2022,Impuesto Débitos y Créditos/DB,IMPUESTOS DEBITOS,5,"599,89",,"2.072.158,91"
04/08/2022,Trf. Masivas Pago Proveedores,TRANSFERENCIA,12,"123.200,00",,"2.072.758,80"
04/08/2022,Impuesto Débitos y Créditos/DB,IMPUESTOS DEBITOS,5,"739,20",,"2.195.958,80"
04/08/2022,Trf. Masivas Pago Proveedores,TRANSFERENCIA,12,"135.336,00",,"2.196.698,00"
04/08/2022,Impuesto Débitos y Créditos/DB,IMPUESTOS DEBITOS,5,"812,02",,"2.332.034,00"
04/08/2022,Trf. Masivas Pago Proveedores,TRANSFERENCIA,12,"182.600,00",,"2.332.846,02"
04/08/2022,Impuesto Débitos y Créditos/DB,IMPUESTOS DEBITOS,5,"1.095,60",,"2.515.446,02"
04/08/2022,Trf. Masivas Pago Proveedores,TRANSFERENCIA,12,"89.859,00",,"2.516.541,62"
04/08/2022,Impuesto Débitos y Créditos/DB,IMPUESTOS DEBITOS,5,"539,15",,"2.606.400,62"
04/08/2022,Trf. Masivas Pago Proveedores,TRANSFERENCIA,12,"56.552,00",,"2.606.939,77"
04/08/2022,Impuesto Débitos y Créditos/DB,IMPUESTOS DEBITOS,5,"339,31",,"2.663.491,77"
04/08/2022,Trf. Masivas Pago Proveedores,TRANSFERENCIA,12,"90.086,00",,"2.663.831,08"
04/08/2022,Impuesto Débitos y Créditos/DB,IMPUESTOS DEBITOS,5,"540,52",,"2.753.917,08"
04/08/2022,Trf. Masivas Pago Proveedores,TRANSFERENCIA,12,"115.186,00",,"2.754.457,60"
04/08/2022,Impuesto Débitos y Créditos/DB,IMPUESTOS DEBITOS,5,"691,12",,"2.869.643,60"
04/08/2022,Trf. Masivas Pago Proveedores,TRANSFERENCIA,12,"140.937,00",,"2.870.334,72"
04/08/2022,Impuesto Débitos y Créditos/DB,IMPUESTOS DEBITOS,5,"845,62",,"3.011.271,72"
04/08/2022,Trf. Masivas Pago Proveedores,TRANSFERENCIA,12,"119.200,00",,"3.012.117,34"
04/08/2022,Impuesto Débitos y Créditos/DB,IMPUESTOS DEBITOS,5,"715,20",,"3.131.317,34"
04/08/2022,Trf. Masivas Pago Proveedores,TRANSFERENCIA,12,"87.150,00",,"3.132.032,54"
04/08/2022,Impuesto Débitos y Créditos/DB,IMPUESTOS DEBITOS,5,"522,90",,"3.219.182,54"
04/08/2022,Trf. Masivas Pago Proveedores,TRANSFERENCIA,12,"112.868,00",,"3.219.705,44"
04/08/2022,Impuesto Débitos y Créditos/DB,IMPUESTOS DEBITOS,5,"677,21",,"3.332.573,44"
04/08/2022,Trf. Masivas Pago Proveedores,TRANSFERENCIA,12,"77.044,00",,"3.333.250,65"
04/08/2022,Impuesto Débitos y Créditos/DB,IMPUESTOS DEBITOS,5,"462,26",,"3.410.294,65"
04/08/2022,Trf. Masivas Pago Proveedores,TRANSFERENCIA,12,"92.237,00",,"3.410.756,91"
04/08/2022,Impuesto Débitos y Créditos/DB,IMPUESTOS DEBITOS,5,"553,42",,"3.502.993,91"
04/08/2022,Trf. Masivas Pago Proveedores,TRANSFERENCIA,12,"87.961,00",,"3.503.547,33"
04/08/2022,Impuesto Débitos y Créditos/DB,IMPUESTOS DEBITOS,5,"527,77",,"3.591.508,33"
04/08/2022,Trf. Masivas Pago Proveedores,TRANSFERENCIA,12,"107.195,00",,"3.592.036,10"
04/08/2022,Impuesto Débitos y Créditos/DB,IMPUESTOS DEBITOS,5,"643,17",,"3.699.231,10"
04/08/2022,Trf. Masivas Pago Proveedores,TRANSFERENCIA,12,"105.477,00",,"3.699.874,27"
04/08/2022,Impuesto Débitos y Créditos/DB,IMPUESTOS DEBITOS,5,"632,86",,"3.805.351,27"
04/08/2022,Trf. Masivas Pago Proveedores,TRANSFERENCIA,12,"128.112,00",,"3.805.984,13"
04/08/2022,Impuesto Débitos y Créditos/DB,IMPUESTOS DEBITOS,5,"768,67",,"3.934.096,13"
04/08/2022,Trf. Masivas Pago Proveedores,TRANSFERENCIA,12,"128.091,00",,"3.934.864,80"
04/08/2022,Impuesto Débitos y Créditos/DB,IMPUESTOS DEBITOS,5,"768,55",,"4.062.955,80"
04/08/2022,Trf. Masivas Pago Proveedores,TRANSFERENCIA,12,"84.170,00",,"4.063.724,35"
04/08/2022,Impuesto Débitos y Créditos/DB,IMPUESTOS DEBITOS,5,"505,02",,"4.147.894,35"
04/08/2022,Trf. Masivas Pago Proveedores,TRANSFERENCIA,12,"116.185,00",,"4.148.399,37"
04/08/2022,Impuesto Débitos y Créditos/DB,IMPUESTOS DEBITOS,5,"697,11",,"4.264.584,37"
04/08/2022,Trf. Masivas Pago Proveedores,TRANSFERENCIA,12,"60.009,00",,"4.265.281,48"
04/08/2022,Impuesto Débitos y Créditos/DB,IMPUESTOS DEBITOS,5,"360,05",,"4.325.290,48"
04/08/2022,Trf. Masivas Pago Proveedores,TRANSFERENCIA,12,"118.684,00",,"4.325.650,53"
04/08/2022,Impuesto Débitos y Créditos/DB,IMPUESTOS DEBITOS,5,"712,10",,"4.444.334,53"
04/08/2022,Trf. Masivas Pago Proveedores,TRANSFERENCIA,12,"202.065,00",,"4.445.046,63"
04/08/2022,Impuesto Débitos y Créditos/DB,IMPUESTOS DEBITOS,5,"1.212,39",,"4.647.111,63"
04/08/2022,Trf. Masivas Pago Proveedores,TRANSFERENCIA,12,"109.935,00",,"4.648.324,02"
04/08/2022,Impuesto Débitos y Créditos/DB,IMPUESTOS DEBITOS,5,"659,61",,"4.758.259,02"
04/08/2022,Trf. Masivas Pago Proveedores,TRANSFERENCIA,12,"88.009,00",,"4.758.918,63"
04/08/2022,Impuesto Débitos y Créditos/DB,IMPUESTOS DEBITOS,5,"528,05",,"4.846.927,63"
04/08/2022,Trf. Masivas Pago Proveedores,TRANSFERENCIA,12,"63.939,00",,"4.847.455,68"
04/08/2022,Impuesto Débitos y Créditos/DB,IMPUESTOS DEBITOS,5,"383,63",,"4.911.394,68"
04/08/2022,Trf. Masivas Pago Proveedores,TRANSFERENCIA,12,"95.507,00",,"4.911.778,31"
04/08/2022,Impuesto Débitos y Créditos/DB,IMPUESTOS DEBITOS,5,"573,04",,"5.007.285,31"
04/08/2022,Trf. Masivas Pago Proveedores,TRANSFERENCIA,12,"130.423,00",,"5.007.858,35"
04/08/2022,Impuesto Débitos y Créditos/DB,IMPUESTOS DEBITOS,5,"782,54",,"5.138.281,35"
04/08/2022,Trf. Masivas Pago Proveedores,TRANSFERENCIA,12,"71.501,00",,"5.139.063,89"
04/08/2022,Impuesto Débitos y Créditos/DB,IMPUESTOS DEBITOS,5,"429,01",,"5.210.564,89"
04/08/2022,Trf. Masivas Pago Proveedores,TRANSFERENCIA,12,"150.189,00",,"5.210.993,90"
04/08/2022,Impuesto Débitos y Créditos/DB,IMPUESTOS DEBITOS,5,"901,13",,"5.361.182,90"
04/08/2022,Trf. Masivas Pago Proveedores,TRANSFERENCIA,12,"160.647,00",,"5.362.084,03"
04/08/2022,Impuesto Débitos y Créditos/DB,IMPUESTOS DEBITOS,5,"963,88",,"5.522.731,03"
04/08/2022,Trf. Masivas Pago Proveedores,TRANSFERENCIA,12,"89.919,00",,"5.523.694,91"
04/08/2022,Impuesto Débitos y Créditos/DB,IMPUESTOS DEBITOS,5,"539,51",,"5.613.613,91"
04/08/2022,Trf. Masivas Pago Proveedores,TRANSFERENCIA,12,"154.185,00",,"5.614.153,42"
04/08/2022,Impuesto Débitos y Créditos/DB,IMPUESTOS DEBITOS,5,"925,11",,"5.768.338,42"
04/08/2022,Trf. Masivas Pago Proveedores,TRANSFERENCIA,12,"82.000,00",,"5.769.263,53"
04/08/2022,Impuesto Débitos y Créditos/DB,IMPUESTOS DEBITOS,5,"492,00",,"5.851.263,53"
04/08/2022,Trf. Masivas Pago Proveedores,TRANSFERENCIA,12,"70.001,00",,"5.851.755,53"
04/08/2022,Impuesto Débitos y Créditos/DB,IMPUESTOS DEBITOS,5,"420,01",,"5.921.756,53"
04/08/2022,Trf. Masivas Pago Proveedores,TRANSFERENCIA,12,"90.122,00",,"5.922.176,54"
04/08/2022,Impuesto Débitos y Créditos/DB,IMPUESTOS DEBITOS,5,"540,73",,"6.012.298,54"
04/08/2022,Trf. Masivas Pago Proveedores,TRANSFERENCIA,12,"190.001,00",,"6.012.839,27"
04/08/2022,Impuesto Débitos y Créditos/DB,IMPUESTOS DEBITOS,5,"1.140,01",,"6.202.840,27"
04/08/2022,Trf. Masivas Pago Proveedores,TRANSFERENCIA,12,"132.800,00",,"6.203.980,28"
04/08/2022,Impuesto Débitos y Créditos/DB,IMPUESTOS DEBITOS,5,"796,80",,"6.336.780,28"
04/08/2022,Trf. Masivas Pago Proveedores,TRANSFERENCIA,12,"149.720,00",,"6.337.577,08"
04/08/2022,Impuesto Débitos y Créditos/DB,IMPUESTOS DEBITOS,5,"898,32",,"6.487.297,08"
04/08/2022,Trf. Masivas Pago Proveedores,TRANSFERENCIA,12,"114.732,00",,"6.488.195,40"
04/08/2022,Impuesto Débitos y Créditos/DB,IMPUESTOS DEBITOS,5,"688,39",,"6.602.927,40"
04/08/2022,Trf. Masivas Pago Proveedores,TRANSFERENCIA,12,"93.316,00",,"6.603.615,79"
04/08/2022,Impuesto Débitos y Créditos/DB,IMPUESTOS DEBITOS,5,"559,90",,"6.696.931,79"
04/08/2022,Trf. Masivas Pago Proveedores,TRANSFERENCIA,12,"75.405,00",,"6.697.491,69"
04/08/2022,Impuesto Débitos y Créditos/DB,IMPUESTOS DEBITOS,5,"452,43",,"6.772.896,69"
04/08/2022,Trf. Masivas Pago Proveedores,TRANSFERENCIA,12,"119.469,00",,"6.773.349,12"
04/08/2022,Impuesto Débitos y Créditos/DB,IMPUESTOS DEBITOS,5,"716,81",,"6.892.818,12"
04/08/2022,Trf. Masivas Pago Proveedores,TRANSFERENCIA,12,"90.001,00",,"6.893.534,93"
04/08/2022,Impuesto Débitos y Créditos/DB,IMPUESTOS DEBITOS,5,"540,01",,"6.983.535,93"
04/08/2022,Trf. Masivas Pago Proveedores,TRANSFERENCIA,12,"95.716,00",,"6.984.075,94"
04/08/2022,Impuesto Débitos y Créditos/DB,IMPUESTOS DEBITOS,5,"574,30",,"7.079.791,94"
04/08/2022,Trf. Masivas Pago Proveedores,TRANSFERENCIA,12,"94.381,00",,"7.080.366,24"
04/08/2022,Impuesto Débitos y Créditos/DB,IMPUESTOS DEBITOS,5,"566,29",,"7.174.747,24"
04/08/2022,Trf. Masivas Pago Proveedores,TRANSFERENCIA,12,"141.332,00",,"7.175.313,53"
04/08/2022,Impuesto Débitos y Créditos/DB,IMPUESTOS DEBITOS,5,"847,99",,"7.316.645,53"
04/08/2022,Trf. Masivas Pago Proveedores,TRANSFERENCIA,12,"50.242,00",,"7.317.493,52"
04/08/2022,Impuesto Débitos y Créditos/DB,IMPUESTOS DEBITOS,5,"301,45",,"7.367.735,52"
04/08/2022,Trf. Masivas Pago Proveedores,TRANSFERENCIA,12,"113.945,00",,"7.368.036,97"
04/08/2022,Impuesto Débitos y Créditos/DB,IMPUESTOS DEBITOS,5,"683,67",,"7.481.981,97"
04/08/2022,Trf. Masivas Pago Proveedores,TRANSFERENCIA,12,"119.801,00",,"7.482.665,64"
04/08/2022,Impuesto Débitos y Créditos/DB,IMPUESTOS DEBITOS,5,"718,81",,"7.602.466,64"
04/08/2022,Trf. Masivas Pago Proveedores,TRANSFERENCIA,12,"98.669,00",,"7.603.185,45"
04/08/2022,Impuesto Débitos y Créditos/DB,IMPUESTOS DEBITOS,5,"592,01",,"7.701.854,45"
04/08/2022,Trf. Masivas Pago Proveedores,TRANSFERENCIA,12,"140.479,00",,"7.702.446,46"
04/08/2022,Impuesto Débitos y Créditos/DB,IMPUESTOS DEBITOS,5,"842,87",,"7.842.925,46"
04/08/2022,Trf. Masivas Pago Proveedores,TRANSFERENCIA,12,"139.573,00",,"7.843.768,33"
04/08/2022,Impuesto Débitos y Créditos/DB,IMPUESTOS DEBITOS,5,"837,44",,"7.983.341,33"
04/08/2022,Trf. Masivas Pago Proveedores,TRANSFERENCIA,12,"99.410,00",,"7.984.178,77"
04/08/2022,Impuesto Débitos y Créditos/DB,IMPUESTOS DEBITOS,5,"596,46",,"8.083.588,77"
04/08/2022,Trf. Masivas Pago Proveedores,TRANSFERENCIA,12,"166.954,00",,"8.084.185,23"
04/08/2022,Impuesto Débitos y Créditos/DB,IMPUESTOS DEBITOS,5,"1.001,72",,"8.251.139,23"
04/08/2022,Trf. Masivas Pago Proveedores,TRANSFERENCIA,12,"105.346,00",,"8.252.140,95"
04/08/2022,Impuesto Débitos y Créditos/DB,IMPUESTOS DEBITOS,5,"632,08",,"8.357.486,95"
04/08/2022,Trf. Masivas Pago Proveedores,TRANSFERENCIA,12,"198.710,00",,"8.358.119,03"
04/08/2022,Impuesto Débitos y Créditos/DB,IMPUESTOS DEBITOS,5,"1.192,26",,"8.556.829,03"
04/08/2022,Trf. Masivas Pago Proveedores,TRANSFERENCIA,12,"109.771,00",,"8.558.021,29"
04/08/2022,Impuesto Débitos y Créditos/DB,IMPUESTOS DEBITOS,5,"658,63",,"8.667.792,29"
04/08/2022,Trf. Masivas Pago Proveedores,TRANSFERENCIA,12,"121.376,00",,"8.668.450,92"
04/08/2022,Impuesto Débitos y Créditos/DB,IMPUESTOS DEBITOS,5,"728,26",,"8.789.826,92"
04/08/2022,Trf. Masivas Pago Proveedores,TRANSFERENCIA,12,"160.714,00",,"8.790.555,18"
04/08/2022,Impuesto Débitos y Créditos/DB,IMPUESTOS DEBITOS,5,"964,28",,"8.951.269,18"
04/08/2022,Trf. Masivas Pago Proveedores,TRANSFERENCIA,12,"116.704,00",,"8.952.233,46"
04/08/2022,Impuesto Débitos y Créditos/DB,IMPUESTOS DEBITOS,5,"700,22",,"9.068.937,46"
04/08/2022,Trf. Masivas Pago Proveedores,TRANSFERENCIA,12,"100.896,00",,"9.069.637,68"
04/08/2022,Impuesto Débitos y Créditos/DB,IMPUESTOS DEBITOS,5,"605,38",,"9.170.533,68"
04/08/2022,Credito DEBIN,TRANSFERENCIA,12,,"1.100.000,00","9.171.139,06"
04/08/2022,Crédito por Transferencia,TRANSFERENCIA,12,,"17.000.000,00","8.071.139,06"
04/08/2022,Deb. Pago de Sueldo,SUELDOS,11,"8.975.093,00",,"-8.928.860,94"
04/08/2022,Impuesto Débitos y Créditos/DB,IMPUESTOS DEBITOS,5,"53.850,56",,"46.232,06"
04/08/2022,CRED BCA ELECTRONICA INTERBANC,TRANSFERENCIA,12,,"16.836.531,61","100.082,62"
04/08/2022,IIBB- Acreditaciones Bancarias,IIBB,3,"303.057,57",,"-16.736.448,99"
04/08/2022,Impuesto Débitos y Créditos/CR,IMPUESTOS CREDITOS,4,"101.019,19",,"-16.433.391,42"
04/08/2022,Impuesto Débitos y Créditos/DB,IMPUESTOS DEBITOS,5,"1.818,35",,"-16.332.372,23"
04/08/2022,Descto. Docum.- Acreditación,OPERACIONES FINANCIERAS,8,,"1.139.029,91","-16.330.553,88"
04/08/2022,IIBB- Acreditaciones Bancarias,IIBB,3,"20.502,54",,"-17.469.583,79"
04/08/2022,Pago Cheque de Cámara Recibida,CHEQUE,1,"2.250.000,00",,"-17.449.081,25"
04/08/2022,Impuesto Débitos y Créditos/DB,IMPUESTOS DEBITOS,5,"13.500,00",,"-15.199.081,25"
04/08/2022,Pago Cheque de Cámara Recibida,CHEQUE,1,"1.575.328,37",,"-15.185.581,25"
04/08/2022,Impuesto Débitos y Créditos/DB,IMPUESTOS DEBITOS,5,"9.451,97",,"-13.610.252,88"
04/08/2022,Pago Cheque de Cámara Recibida,CHEQUE,1,"1.009.848,20",,"-13.600.800,91"
04/08/2022,Impuesto Débitos y Créditos/DB,IMPUESTOS DEBITOS,5,"6.059,09",,"-12.590.952,71"
04/08/2022,Pago Cheque de Cámara Recibida,CHEQUE,1,"1.009.848,20",,"-12.584.893,62"
04/08/2022,Impuesto Débitos y Créditos/DB,IMPUESTOS DEBITOS,5,"6.059,09",,"-11.575.045,42"
04/08/2022,Pago Cheque de Cámara Recibida,CHEQUE,1,"98.993,40",,"-11.568.986,33"
04/08/2022,Impuesto Débitos y Créditos/DB,IMPUESTOS DEBITOS,5,"593,96",,"-11.469.992,93"
04/08/2022,Pago Cheque de Cámara Recibida,CHEQUE,1,"1.693.845,56",,"-11.469.398,97"
04/08/2022,Impuesto Débitos y Créditos/DB,IMPUESTOS DEBITOS,5,"10.163,07",,"-9.775.553,41"
03/08/2022,Impuesto Débitos y Créditos/DB,IMPUESTOS DEBITOS,5,"1,30",,"-9.765.390,34"
03/08/2022,Impuesto Débitos y Créditos/DB,IMPUESTOS DEBITOS,5,"0,27",,"-9.765.389,04"
03/08/2022,Impuesto Débitos y Créditos/DB,IMPUESTOS DEBITOS,5,"0,21",,"-9.765.388,77"
03/08/2022,Impuesto Débitos y Créditos/DB,IMPUESTOS DEBITOS,5,"0,04",,"-9.765.388,56"
03/08/2022,Impuesto Débitos y Créditos/DB,IMPUESTOS DEBITOS,5,"0,57",,"-9.765.388,52"
03/08/2022,Impuesto Débitos y Créditos/DB,IMPUESTOS DEBITOS,5,"0,12",,"-9.765.387,95"
03/08/2022,Comisión Consulta Cámara,COMISIONES,2,"35,00",,"-9.765.387,83"
03/08/2022,IVA,IVA,7,"7,35",,"-9.765.352,83"
03/08/2022,Comisión Riesgo Contigente,COMISIONES,2,"216,00",,"-9.765.345,48"
03/08/2022,IVA,IVA,7,"45,36",,"-9.765.129,48"
03/08/2022,Acreditación Cheque Dep.48 Hs.,CHEQUE,1,,"36.020,50","-9.765.084,12"
03/08/2022,Impuesto Débitos y Créditos/CR,IMPUESTOS CREDITOS,4,"216,12",,"-9.801.104,62"
03/08/2022,Impuesto Débitos y Créditos/DB,IMPUESTOS DEBITOS,5,"3,89",,"-9.800.888,50"
03/08/2022,IIBB- Acreditaciones Bancarias,IIBB,3,"648,37",,"-9.800.884,61"
03/08/2022,Crédito por Transferencia,TRANSFERENCIA,12,,"1.000.000,00","-9.800.236,24"
03/08/2022,COMISIONES DATANET,COMISIONES,2,"94,20",,"-10.800.236,24"
03/08/2022,IVA,IVA,7,"19,78",,"-10.800.142,04"
03/08/2022,Crédito por Transferencia,TRANSFERENCIA,12,,"5.700.000,00","-10.800.122,26"
03/08/2022,Crédito por Transferencia,TRANSFERENCIA,12,,"269.774,34","-16.500.122,26"
03/08/2022,IIBB- Acreditaciones Bancarias,IIBB,3,"4.855,94",,"-16.769.896,60"
03/08/2022,Impuesto Débitos y Créditos/CR,IMPUESTOS CREDITOS,4,"1.618,65",,"-16.765.040,66"
03/08/2022,Impuesto Débitos y Créditos/DB,IMPUESTOS DEBITOS,5,"29,14",,"-16.763.422,01"
03/08/2022,Impuesto Débitos y Créditos/DB,IMPUESTOS DEBITOS,5,"0,25",,"-16.763.392,87"
03/08/2022,Pago Cheque de Cámara Recibida,CHEQUE,1,"1.693.845,56",,"-16.763.392,62"
03/08/2022,Impuesto Débitos y Créditos/DB,IMPUESTOS DEBITOS,5,"10.163,07",,"-15.069.547,06"
03/08/2022,Pago Cheque de Cámara Recibida,CHEQUE,1,"2.000.000,00",,"-15.059.383,99"
03/08/2022,Impuesto Débitos y Créditos/DB,IMPUESTOS DEBITOS,5,"12.000,00",,"-13.059.383,99"
03/08/2022,Pago Cheque de Cámara Recibida,CHEQUE,1,"1.575.328,37",,"-13.047.383,99"
03/08/2022,Impuesto Débitos y Créditos/DB,IMPUESTOS DEBITOS,5,"9.451,97",,"-11.472.055,62"
03/08/2022,Pago Cheque de Cámara Recibida,CHEQUE,1,"195.434,47",,"-11.462.603,65"
03/08/2022,Impuesto Débitos y Créditos/DB,IMPUESTOS DEBITOS,5,"1.172,61",,"-11.267.169,18"
03/08/2022,Pago Cheque de Cámara Recibida,CHEQUE,1,"53.900,00",,"-11.265.996,57"
03/08/2022,Impuesto Débitos y Créditos/DB,IMPUESTOS DEBITOS,5,"323,40",,"-11.212.096,57"
03/08/2022,Pago Cheque de Cámara Recibida,CHEQUE,1,"250.960,07",,"-11.211.773,17"
03/08/2022,Impuesto Débitos y Créditos/DB,IMPUESTOS DEBITOS,5,"1.505,76",,"-10.960.813,10"
02/08/2022,Comisión Consulta Cámara,COMISIONES,2,"35,00",,"-10.959.307,34"
02/08/2022,IVA,IVA,7,"7,35",,"-10.959.272,34"
02/08/2022,DEB BCA ELECTR INTERBANC EXEN,TRANSFERENCIA,12,"1.000.000,00",,"-10.959.264,99"
02/08/2022,Crédito por Transferencia,TRANSFERENCIA,12,,"260.000,00","-9.959.264,99"
02/08/2022,IIBB- Acreditaciones Bancarias,IIBB,3,"4.680,00",,"-10.219.264,99"
02/08/2022,Impuesto Débitos y Créditos/CR,IMPUESTOS CREDITOS,4,"1.560,00",,"-10.214.584,99"
02/08/2022,Impuesto Débitos y Créditos/DB,IMPUESTOS DEBITOS,5,"28,08",,"-10.213.024,99"
02/08/2022,CRED BCA ELECTRONICA INTERBANC,TRANSFERENCIA,12,,"11.906.836,96","-10.212.996,91"
02/08/2022,IIBB- Acreditaciones Bancarias,IIBB,3,"214.323,07",,"-22.119.833,87"
02/08/2022,Impuesto Débitos y Créditos/CR,IMPUESTOS CREDITOS,4,"71.441,02",,"-21.905.510,80"
02/08/2022,Impuesto Débitos y Créditos/DB,IMPUESTOS DEBITOS,5,"1.285,94",,"-21.834.069,78"
02/08/2022,CRED BCA ELECTRONICA INTERBANC,TRANSFERENCIA,12,,"1.000.000,00","-21.832.783,84"
02/08/2022,IIBB- Acreditaciones Bancarias,IIBB,3,"18.000,00",,"-22.832.783,84"
02/08/2022,Impuesto Débitos y Créditos/CR,IMPUESTOS CREDITOS,4,"6.000,00",,"-22.814.783,84"
02/08/2022,Impuesto Débitos y Créditos/DB,IMPUESTOS DEBITOS,5,"108,00",,"-22.808.783,84"
02/08/2022,Descto. Docum.- Acreditación,OPERACIONES FINANCIERAS,8,,"391.249,73","-22.808.675,84"
02/08/2022,IIBB- Acreditaciones Bancarias,IIBB,3,"7.042,50",,"-23.199.925,57"
02/08/2022,Impuesto Débitos y Créditos/DB,IMPUESTOS DEBITOS,5,"35,99",,"-23.192.883,07"
02/08/2022,SIPAP - Pago Cheque de Cámara,CHEQUE,1,"148.903,83",,"-23.192.847,08"
02/08/2022,Impuesto Débitos y Créditos/DB,IMPUESTOS DEBITOS,5,"893,42",,"-23.043.943,25"
02/08/2022,Pago Cheque de Cámara Recibida,CHEQUE,1,"383.291,91",,"-23.043.049,83"
02/08/2022,Impuesto Débitos y Créditos/DB,IMPUESTOS DEBITOS,5,"2.299,75",,"-22.659.757,92"
02/08/2022,Pago Cheque de Cámara Recibida,CHEQUE,1,"12.610,50",,"-22.657.458,17"
02/08/2022,Impuesto Débitos y Créditos/DB,IMPUESTOS DEBITOS,5,"75,66",,"-22.644.847,67"
02/08/2022,Pago Cheque de Cámara Recibida,CHEQUE,1,"61.737,50",,"-22.644.772,01"
02/08/2022,Impuesto Débitos y Créditos/DB,IMPUESTOS DEBITOS,5,"370,43",,"-22.583.034,51"
02/08/2022,SIPAP - Pago Cheque de Cámara,CHEQUE,1,"149.799,15",,"-22.582.664,08"
02/08/2022,Impuesto Débitos y Créditos/DB,IMPUESTOS DEBITOS,5,"898,79",,"-22.432.864,93"
02/08/2022,Pago Cheque de Cámara Recibida,CHEQUE,1,"39.015,00",,"-22.431.966,14"
02/08/2022,Impuesto Débitos y Créditos/DB,IMPUESTOS DEBITOS,5,"234,09",,"-22.392.951,14"
02/08/2022,Pago Cheque de Cámara Recibida,CHEQUE,1,"272.000,00",,"-22.392.717,05"
02/08/2022,Impuesto Débitos y Créditos/DB,IMPUESTOS DEBITOS,5,"1.632,00",,"-22.120.717,05"
02/08/2022,Pago Cheque de Cámara Recibida,CHEQUE,1,"144.070,88",,"-22.119.085,05"
02/08/2022,Impuesto Débitos y Créditos/DB,IMPUESTOS DEBITOS,5,"864,43",,"-21.975.014,17"
02/08/2022,Pago Cheque de Cámara Recibida,CHEQUE,1,"387.089,00",,"-21.974.149,74"
02/08/2022,Impuesto Débitos y Créditos/DB,IMPUESTOS DEBITOS,5,"2.322,53",,"-21.587.060,74"
02/08/2022,Pago Cheque de Cámara Recibida,CHEQUE,1,"199.438,92",,"-21.584.738,21"
02/08/2022,Impuesto Débitos y Créditos/DB,IMPUESTOS DEBITOS,5,"1.196,63",,"-21.385.299,29"
02/08/2022,Pago Cheque de Cámara Recibida,CHEQUE,1,"87.647,15",,"-21.384.102,66"
02/08/2022,Impuesto Débitos y Créditos/DB,IMPUESTOS DEBITOS,5,"525,88",,"-21.296.455,51"
02/08/2022,Pago Cheque de Cámara Recibida,CHEQUE,1,"164.297,10",,"-21.295.929,63"
02/08/2022,Impuesto Débitos y Créditos/DB,IMPUESTOS DEBITOS,5,"985,78",,"-21.131.632,53"
02/08/2022,Pago Cheque de Cámara Recibida,CHEQUE,1,"83.451,55",,"-21.130.646,75"
02/08/2022,Impuesto Débitos y Créditos/DB,IMPUESTOS DEBITOS,5,"500,71",,"-21.047.195,20"
02/08/2022,Pago Cheque de Cámara Recibida,CHEQUE,1,"806.959,03",,"-21.046.694,49"
02/08/2022,Impuesto Débitos y Créditos/DB,IMPUESTOS DEBITOS,5,"4.841,75",,"-20.239.735,46"
02/08/2022,Pago Cheque de Cámara Recibida,CHEQUE,1,"620.143,40",,"-20.234.893,71"
02/08/2022,Impuesto Débitos y Créditos/DB,IMPUESTOS DEBITOS,5,"3.720,86",,"-19.614.750,31"
02/08/2022,Pago Cheque de Cámara Recibida,CHEQUE,1,"585.080,36",,"-19.611.029,45"
02/08/2022,Impuesto Débitos y Créditos/DB,IMPUESTOS DEBITOS,5,"3.510,48",,"-19.025.949,09"
02/08/2022,Pago Cheque de Cámara Recibida,CHEQUE,1,"422.267,20",,"-19.022.438,61"
02/08/2022,Impuesto Débitos y Créditos/DB,IMPUESTOS DEBITOS,5,"2.533,60",,"-18.600.171,41"
02/08/2022,Pago Cheque de Cámara Recibida,CHEQUE,1,"150.000,00",,"-18.597.637,81"
02/08/2022,Impuesto Débitos y Créditos/DB,IMPUESTOS DEBITOS,5,"900,00",,"-18.447.637,81"
02/08/2022,Pago Cheque de Cámara Recibida,CHEQUE,1,"81.543,82",,"-18.446.737,81"
02/08/2022,Impuesto Débitos y Créditos/DB,IMPUESTOS DEBITOS,5,"489,26",,"-18.365.193,99"
02/08/2022,Pago Cheque de Cámara Recibida,CHEQUE,1,"1.693.845,56",,"-18.364.704,73"
02/08/2022,Impuesto Débitos y Créditos/DB,IMPUESTOS DEBITOS,5,"10.163,07",,"-16.670.859,17"
02/08/2022,Pago Cheque de Cámara Recibida,CHEQUE,1,"2.000.000,00",,"-16.660.696,10"
02/08/2022,Impuesto Débitos y Créditos/DB,IMPUESTOS DEBITOS,5,"12.000,00",,"-14.660.696,10"
02/08/2022,Pago Cheque de Cámara Recibida,CHEQUE,1,"1.575.328,37",,"-14.648.696,10"
02/08/2022,Impuesto Débitos y Créditos/DB,IMPUESTOS DEBITOS,5,"9.451,97",,"-13.073.367,73"
02/08/2022,Pago Cheque de Cámara Recibida,CHEQUE,1,"707.700,35",,"-13.063.915,76"
02/08/2022,Impuesto Débitos y Créditos/DB,IMPUESTOS DEBITOS,5,"4.246,20",,"-12.356.215,41"
01/08/2022,Trf. Masivas Pago Proveedores,TRANSFERENCIA,12,"284.993,71",,"-12.351.969,21"
01/08/2022,Impuesto Débitos y Créditos/DB,IMPUESTOS DEBITOS,5,"1.709,96",,"-12.066.975,50"
01/08/2022,Trf. Masivas Pago Proveedores,TRANSFERENCIA,12,"729.622,98",,"-12.065.265,54"
01/08/2022,Impuesto Débitos y Créditos/DB,IMPUESTOS DEBITOS,5,"4.377,74",,"-11.335.642,56"
01/08/2022,Trf. Masivas Pago Proveedores,TRANSFERENCIA,12,"583.802,01",,"-11.331.264,82"
01/08/2022,Impuesto Débitos y Créditos/DB,IMPUESTOS DEBITOS,5,"3.502,81",,"-10.747.462,81"
01/08/2022,Trf. Masivas Pago Proveedores,TRANSFERENCIA,12,"600.673,58",,"-10.743.960,00"
01/08/2022,Impuesto Débitos y Créditos/DB,IMPUESTOS DEBITOS,5,"3.604,04",,"-10.143.286,42"
01/08/2022,Trf. Masivas Pago Proveedores,TRANSFERENCIA,12,"636.670,98",,"-10.139.682,38"
01/08/2022,Impuesto Débitos y Créditos/DB,IMPUESTOS DEBITOS,5,"3.820,03",,"-9.503.011,40"
01/08/2022,Trf. Masivas Pago Proveedores,TRANSFERENCIA,12,"639.764,38",,"-9.499.191,37"
01/08/2022,Impuesto Débitos y Créditos/DB,IMPUESTOS DEBITOS,5,"3.838,59",,"-8.859.426,99"
01/08/2022,Trf. Masivas Pago Proveedores,TRANSFERENCIA,12,"655.345,30",,"-8.855.588,40"
01/08/2022,Impuesto Débitos y Créditos/DB,IMPUESTOS DEBITOS,5,"3.932,07",,"-8.200.243,10"
01/08/2022,Trf. Masivas Pago Proveedores,TRANSFERENCIA,12,"679.147,70",,"-8.196.311,03"
01/08/2022,Impuesto Débitos y Créditos/DB,IMPUESTOS DEBITOS,5,"4.074,89",,"-7.517.163,33"
01/08/2022,Trf. Masivas Pago Proveedores,TRANSFERENCIA,12,"735.197,92",,"-7.513.088,44"
01/08/2022,Impuesto Débitos y Créditos/DB,IMPUESTOS DEBITOS,5,"4.411,19",,"-6.777.890,52"
01/08/2022,Trf. Masivas Pago Proveedores,TRANSFERENCIA,12,"537.343,95",,"-6.773.479,33"
01/08/2022,Impuesto Débitos y Créditos/DB,IMPUESTOS DEBITOS,5,"3.224,06",,"-6.236.135,38"
01/08/2022,Trf. Masivas Pago Proveedores,TRANSFERENCIA,12,"798.174,08",,"-6.232.911,32"
01/08/2022,Impuesto Débitos y Créditos/DB,IMPUESTOS DEBITOS,5,"4.789,04",,"-5.434.737,24"
01/08/2022,Trf. Masivas Pago Proveedores,TRANSFERENCIA,12,"863.496,48",,"-5.429.948,20"
01/08/2022,Impuesto Débitos y Créditos/DB,IMPUESTOS DEBITOS,5,"5.180,98",,"-4.566.451,72"
01/08/2022,Trf. Masivas Pago Proveedores,TRANSFERENCIA,12,"943.953,81",,"-4.561.270,74"
01/08/2022,Impuesto Débitos y Créditos/DB,IMPUESTOS DEBITOS,5,"5.663,72",,"-3.617.316,93"
01/08/2022,Trf. Masivas Pago Proveedores,TRANSFERENCIA,12,"944.493,88",,"-3.611.653,21"
01/08/2022,Impuesto Débitos y Créditos/DB,IMPUESTOS DEBITOS,5,"5.666,96",,"-2.667.159,33"
01/08/2022,Trf. Masivas Pago Proveedores,TRANSFERENCIA,12,"1.485.793,47",,"-2.661.492,37"
01/08/2022,Impuesto Débitos y Créditos/DB,IMPUESTOS DEBITOS,5,"8.914,76",,"-1.175.698,90"
01/08/2022,Trf. Masivas Pago Proveedores,TRANSFERENCIA,12,"539.896,95",,"-1.166.784,14"
01/08/2022,Impuesto Débitos y Créditos/DB,IMPUESTOS DEBITOS,5,"3.239,38",,"-626.887,19"
01/08/2022,Trf. Masivas Pago Proveedores,TRANSFERENCIA,12,"532.574,07",,"-623.647,81"
01/08/2022,Impuesto Débitos y Créditos/DB,IMPUESTOS DEBITOS,5,"3.195,44",,"-91.073,74"
01/08/2022,Trf. Masivas Pago Proveedores,TRANSFERENCIA,12,"286.840,50",,"-87.878,30"
01/08/2022,Impuesto Débitos y Créditos/DB,IMPUESTOS DEBITOS,5,"1.721,04",,"198.962,20"
01/08/2022,Trf. Masivas Pago Proveedores,TRANSFERENCIA,12,"323.743,35",,"200.683,24"
01/08/2022,Impuesto Débitos y Créditos/DB,IMPUESTOS DEBITOS,5,"1.942,46",,"524.426,59"
01/08/2022,Trf. Masivas Pago Proveedores,TRANSFERENCIA,12,"287.832,32",,"526.369,05"
01/08/2022,Impuesto Débitos y Créditos/DB,IMPUESTOS DEBITOS,5,"1.726,99",,"814.201,37"
01/08/2022,Trf. Masivas Pago Proveedores,TRANSFERENCIA,12,"288.462,36",,"815.928,36"
01/08/2022,Impuesto Débitos y Créditos/DB,IMPUESTOS DEBITOS,5,"1.730,77",,"1.104.390,72"
01/08/2022,Trf. Masivas Pago Proveedores,TRANSFERENCIA,12,"288.832,42",,"1.106.121,49"
01/08/2022,Impuesto Débitos y Créditos/DB,IMPUESTOS DEBITOS,5,"1.732,99",,"1.394.953,91"
01/08/2022,Trf. Masivas Pago Proveedores,TRANSFERENCIA,12,"292.958,46",,"1.396.686,90"
01/08/2022,Impuesto Débitos y Créditos/DB,IMPUESTOS DEBITOS,5,"1.757,75",,"1.689.645,36"
01/08/2022,Trf. Masivas Pago Proveedores,TRANSFERENCIA,12,"310.185,94",,"1.691.403,11"
01/08/2022,Impuesto Débitos y Créditos/DB,IMPUESTOS DEBITOS,5,"1.861,12",,"2.001.589,05"
01/08/2022,Trf. Masivas Pago Proveedores,TRANSFERENCIA,12,"321.563,81",,"2.003.450,17"
01/08/2022,Impuesto Débitos y Créditos/DB,IMPUESTOS DEBITOS,5,"1.929,38",,"2.325.013,98"
01/08/2022,Trf. Masivas Pago Proveedores,TRANSFERENCIA,12,"334.321,05",,"2.326.943,36"
01/08/2022,Impuesto Débitos y Créditos/DB,IMPUESTOS DEBITOS,5,"2.005,93",,"2.661.264,41"
01/08/2022,Trf. Masivas Pago Proveedores,TRANSFERENCIA,12,"531.019,86",,"2.663.270,34"
01/08/2022,Impuesto Débitos y Créditos/DB,IMPUESTOS DEBITOS,5,"3.186,12",,"3.194.290,20"
01/08/2022,Trf. Masivas Pago Proveedores,TRANSFERENCIA,12,"335.791,94",,"3.197.476,32"
01/08/2022,Impuesto Débitos y Créditos/DB,IMPUESTOS DEBITOS,5,"2.014,75",,"3.533.268,26"
01/08/2022,Trf. Masivas Pago Proveedores,TRANSFERENCIA,12,"342.898,86",,"3.535.283,01"
01/08/2022,Impuesto Débitos y Créditos/DB,IMPUESTOS DEBITOS,5,"2.057,39",,"3.878.181,87"
01/08/2022,Trf. Masivas Pago Proveedores,TRANSFERENCIA,12,"385.917,00",,"3.880.239,26"
01/08/2022,Impuesto Débitos y Créditos/DB,IMPUESTOS DEBITOS,5,"2.315,50",,"4.266.156,26"
01/08/2022,Trf. Masivas Pago Proveedores,TRANSFERENCIA,12,"457.737,99",,"4.268.471,76"
01/08/2022,Impuesto Débitos y Créditos/DB,IMPUESTOS DEBITOS,5,"2.746,43",,"4.726.209,75"
01/08/2022,Trf. Masivas Pago Proveedores,TRANSFERENCIA,12,"483.302,51",,"4.728.956,18"
01/08/2022,Impuesto Débitos y Créditos/DB,IMPUESTOS DEBITOS,5,"2.899,82",,"5.212.258,69"
01/08/2022,Trf. Masivas Pago Proveedores,TRANSFERENCIA,12,"501.237,02",,"5.215.158,51"
01/08/2022,Impuesto Débitos y Créditos/DB,IMPUESTOS DEBITOS,5,"3.007,42",,"5.716.395,53"
01/08/2022,Trf. Masivas Pago Proveedores,TRANSFERENCIA,12,"2.558.868,96",,"5.719.402,95"
01/08/2022,Impuesto Débitos y Créditos/DB,IMPUESTOS DEBITOS,5,"15.353,21",,"8.278.271,91"
01/08/2022,Trf. Masivas Pago Proveedores,TRANSFERENCIA,12,"1.279.176,50",,"8.293.625,12"
01/08/2022,Impuesto Débitos y Créditos/DB,IMPUESTOS DEBITOS,5,"7.675,06",,"9.572.801,62"
01/08/2022,Crédito por Transferencia,TRANSFERENCIA,12,,"600.000,00","9.580.476,68"
01/08/2022,CRED BCA ELECTR INTERBANC EXEN,TRANSFERENCIA,12,,"14.800.000,00","8.980.476,68"
01/08/2022,Credito DEBIN,TRANSFERENCIA,12,,"1.997.000,00","-5.819.523,32"
01/08/2022,Crédito Transf. HomeBanking,TRANSFERENCIA,12,,"1.100.000,00","-7.816.523,32"
01/08/2022,IIBB- Acreditaciones Bancarias,IIBB,3,"19.800,00",,"-8.916.523,32"
01/08/2022,Impuesto Débitos y Créditos/CR,IMPUESTOS CREDITOS,4,"6.600,00",,"-8.896.723,32"
01/08/2022,Impuesto Débitos y Créditos/DB,IMPUESTOS DEBITOS,5,"118,80",,"-8.890.123,32"
01/08/2022,Crédito Transf. HomeBanking,TRANSFERENCIA,12,,"1.150.000,00","-8.890.004,52"
01/08/2022,IIBB- Acreditaciones Bancarias,IIBB,3,"20.700,00",,"-10.040.004,52"
01/08/2022,Impuesto Débitos y Créditos/CR,IMPUESTOS CREDITOS,4,"6.900,00",,"-10.019.304,52"
01/08/2022,Impuesto Débitos y Créditos/DB,IMPUESTOS DEBITOS,5,"124,20",,"-10.012.404,52"
01/08/2022,CRED BCA ELECTR INTERBANC EXEN,TRANSFERENCIA,12,,"307.000,00","-10.012.280,32"
01/08/2022,Crédito Transf. HomeBanking,TRANSFERENCIA,12,,"750.000,00","-10.319.280,32"
01/08/2022,IIBB- Acreditaciones Bancarias,IIBB,3,"13.500,00",,"-11.069.280,32"
01/08/2022,Impuesto Débitos y Créditos/CR,IMPUESTOS CREDITOS,4,"4.500,00",,"-11.055.780,32"
01/08/2022,Impuesto Débitos y Créditos/DB,IMPUESTOS DEBITOS,5,"81,00",,"-11.051.280,32"
01/08/2022,Contras.Ints.Sobreg.,INTERESES,6,,"2.349,59","-11.051.199,32"
01/08/2022,IVA,IVA,7,,"246,71","-11.053.548,91"
01/08/2022,Trf. Masivas Pago Proveedores,TRANSFERENCIA,12,"13.406,00",,"-11.053.795,62"
01/08/2022,Impuesto Débitos y Créditos/DB,IMPUESTOS DEBITOS,5,"80,44",,"-11.040.389,62"
01/08/2022,Trf. Masivas Pago Proveedores,TRANSFERENCIA,12,"181.501,48",,"-11.040.309,18"
01/08/2022,Impuesto Débitos y Créditos/DB,IMPUESTOS DEBITOS,5,"1.089,01",,"-10.858.807,70"
01/08/2022,Trf. Masivas Pago Proveedores,TRANSFERENCIA,12,"204.965,11",,"-10.857.718,69"
01/08/2022,Impuesto Débitos y Créditos/DB,IMPUESTOS DEBITOS,5,"1.229,79",,"-10.652.753,58"
01/08/2022,Trf. Masivas Pago Proveedores,TRANSFERENCIA,12,"203.492,25",,"-10.651.523,79"
01/08/2022,Impuesto Débitos y Créditos/DB,IMPUESTOS DEBITOS,5,"1.220,95",,"-10.448.031,54"
01/08/2022,Trf. Masivas Pago Proveedores,TRANSFERENCIA,12,"201.443,78",,"-10.446.810,59"
01/08/2022,Impuesto Débitos y Créditos/DB,IMPUESTOS DEBITOS,5,"1.208,66",,"-10.245.366,81"
01/08/2022,Trf. Masivas Pago Proveedores,TRANSFERENCIA,12,"200.725,07",,"-10.244.158,15"
01/08/2022,Impuesto Débitos y Créditos/DB,IMPUESTOS DEBITOS,5,"1.204,35",,"-10.043.433,08"
01/08/2022,Trf. Masivas Pago Proveedores,TRANSFERENCIA,12,"193.532,62",,"-10.042.228,73"
01/08/2022,Impuesto Débitos y Créditos/DB,IMPUESTOS DEBITOS,5,"1.161,20",,"-9.848.696,11"
01/08/2022,Trf. Masivas Pago Proveedores,TRANSFERENCIA,12,"192.680,57",,"-9.847.534,91"
01/08/2022,Impuesto Débitos y Créditos/DB,IMPUESTOS DEBITOS,5,"1.156,08",,"-9.654.854,34"
01/08/2022,Trf. Masivas Pago Proveedores,TRANSFERENCIA,12,"192.680,57",,"-9.653.698,26"
01/08/2022,Impuesto Débitos y Créditos/DB,IMPUESTOS DEBITOS,5,"1.156,08",,"-9.461.017,69"
01/08/2022,Trf. Masivas Pago Proveedores,TRANSFERENCIA,12,"191.113,50",,"-9.459.861,61"
01/08/2022,Impuesto Débitos y Créditos/DB,IMPUESTOS DEBITOS,5,"1.146,68",,"-9.268.748,11"
01/08/2022,Trf. Masivas Pago Proveedores,TRANSFERENCIA,12,"185.544,93",,"-9.267.601,43"
01/08/2022,Impuesto Débitos y Créditos/DB,IMPUESTOS DEBITOS,5,"1.113,27",,"-9.082.056,50"
01/08/2022,Trf. Masivas Pago Proveedores,TRANSFERENCIA,12,"181.304,00",,"-9.080.943,23"
01/08/2022,Impuesto Débitos y Créditos/DB,IMPUESTOS DEBITOS,5,"1.087,82",,"-8.899.639,23"
01/08/2022,Trf. Masivas Pago Proveedores,TRANSFERENCIA,12,"14.625,00",,"-8.898.551,41"
01/08/2022,Impuesto Débitos y Créditos/DB,IMPUESTOS DEBITOS,5,"87,75",,"-8.883.926,41"
01/08/2022,Trf. Masivas Pago Proveedores,TRANSFERENCIA,12,"175.853,20",,"-8.883.838,66"
01/08/2022,Impuesto Débitos y Créditos/DB,IMPUESTOS DEBITOS,5,"1.055,12",,"-8.707.985,46"
01/08/2022,Trf. Masivas Pago Proveedores,TRANSFERENCIA,12,"176.777,55",,"-8.706.930,34"
01/08/2022,Impuesto Débitos y Créditos/DB,IMPUESTOS DEBITOS,5,"1.060,67",,"-8.530.152,79"
01/08/2022,Trf. Masivas Pago Proveedores,TRANSFERENCIA,12,"174.488,00",,"-8.529.092,12"
01/08/2022,Impuesto Débitos y Créditos/DB,IMPUESTOS DEBITOS,5,"1.046,93",,"-8.354.604,12"
01/08/2022,Trf. Masivas Pago Proveedores,TRANSFERENCIA,12,"172.917,61",,"-8.353.557,19"
01/08/2022,Impuesto Débitos y Créditos/DB,IMPUESTOS DEBITOS,5,"1.037,51",,"-8.180.639,58"
01/08/2022,Trf. Masivas Pago Proveedores,TRANSFERENCIA,12,"172.008,90",,"-8.179.602,07"
01/08/2022,Impuesto Débitos y Créditos/DB,IMPUESTOS DEBITOS,5,"1.032,05",,"-8.007.593,17"
01/08/2022,Trf. Masivas Pago Proveedores,TRANSFERENCIA,12,"170.149,00",,"-8.006.561,12"
01/08/2022,Impuesto Débitos y Créditos/DB,IMPUESTOS DEBITOS,5,"1.020,89",,"-7.836.412,12"
01/08/2022,Trf. Masivas Pago Proveedores,TRANSFERENCIA,12,"169.622,80",,"-7.835.391,23"
01/08/2022,Impuesto Débitos y Créditos/DB,IMPUESTOS DEBITOS,5,"1.017,74",,"-7.665.768,43"
01/08/2022,Trf. Masivas Pago Proveedores,TRANSFERENCIA,12,"166.800,00",,"-7.664.750,69"
01/08/2022,Impuesto Débitos y Créditos/DB,IMPUESTOS DEBITOS,5,"1.000,80",,"-7.497.950,69"
01/08/2022,Trf. Masivas Pago Proveedores,TRANSFERENCIA,12,"210.239,55",,"-7.496.949,89"
01/08/2022,Impuesto Débitos y Créditos/DB,IMPUESTOS DEBITOS,5,"1.261,44",,"-7.286.710,34"
01/08/2022,Trf. Masivas Pago Proveedores,TRANSFERENCIA,12,"161.115,00",,"-7.285.448,90"
01/08/2022,Impuesto Débitos y Créditos/DB,IMPUESTOS DEBITOS,5,"966,69",,"-7.124.333,90"
01/08/2022,Trf. Masivas Pago Proveedores,TRANSFERENCIA,12,"213.684,56",,"-7.123.367,21"
01/08/2022,Impuesto Débitos y Créditos/DB,IMPUESTOS DEBITOS,5,"1.282,11",,"-6.909.682,65"
01/08/2022,Trf. Masivas Pago Proveedores,TRANSFERENCIA,12,"215.719,04",,"-6.908.400,54"
01/08/2022,Impuesto Débitos y Créditos/DB,IMPUESTOS DEBITOS,5,"1.294,31",,"-6.692.681,50"
01/08/2022,Trf. Masivas Pago Proveedores,TRANSFERENCIA,12,"216.057,82",,"-6.691.387,19"
01/08/2022,Impuesto Débitos y Créditos/DB,IMPUESTOS DEBITOS,5,"1.296,35",,"-6.475.329,37"
01/08/2022,Trf. Masivas Pago Proveedores,TRANSFERENCIA,12,"266.112,55",,"-6.474.033,02"
01/08/2022,Impuesto Débitos y Créditos/DB,IMPUESTOS DEBITOS,5,"1.596,68",,"-6.207.920,47"
01/08/2022,Trf. Masivas Pago Proveedores,TRANSFERENCIA,12,"260.752,15",,"-6.206.323,79"
01/08/2022,Impuesto Débitos y Créditos/DB,IMPUESTOS DEBITOS,5,"1.564,51",,"-5.945.571,64"
01/08/2022,Trf. Masivas Pago Proveedores,TRANSFERENCIA,12,"257.557,96",,"-5.944.007,13"
01/08/2022,Impuesto Débitos y Créditos/DB,IMPUESTOS DEBITOS,5,"1.545,35",,"-5.686.449,17"
01/08/2022,Trf. Masivas Pago Proveedores,TRANSFERENCIA,12,"256.527,94",,"-5.684.903,82"
01/08/2022,Impuesto Débitos y Créditos/DB,IMPUESTOS DEBITOS,5,"1.539,17",,"-5.428.375,88"
01/08/2022,Trf. Masivas Pago Proveedores,TRANSFERENCIA,12,"256.356,10",,"-5.426.836,71"
01/08/2022,Impuesto Débitos y Créditos/DB,IMPUESTOS DEBITOS,5,"1.538,14",,"-5.170.480,61"
01/08/2022,Trf. Masivas Pago Proveedores,TRANSFERENCIA,12,"247.766,91",,"-5.168.942,47"
01/08/2022,Impuesto Débitos y Créditos/DB,IMPUESTOS DEBITOS,5,"1.486,60",,"-4.921.175,56"
01/08/2022,Trf. Masivas Pago Proveedores,TRANSFERENCIA,12,"247.494,90",,"-4.919.688,96"
01/08/2022,Impuesto Débitos y Créditos/DB,IMPUESTOS DEBITOS,5,"1.484,97",,"-4.672.194,06"
01/08/2022,Trf. Masivas Pago Proveedores,TRANSFERENCIA,12,"242.098,96",,"-4.670.709,09"
01/08/2022,Impuesto Débitos y Créditos/DB,IMPUESTOS DEBITOS,5,"1.452,59",,"-4.428.610,13"
01/08/2022,Trf. Masivas Pago Proveedores,TRANSFERENCIA,12,"247.275,48",,"-4.427.157,54"
01/08/2022,Impuesto Débitos y Créditos/DB,IMPUESTOS DEBITOS,5,"1.483,65",,"-4.179.882,06"
01/08/2022,Trf. Masivas Pago Proveedores,TRANSFERENCIA,12,"241.777,00",,"-4.178.398,41"
01/08/2022,Impuesto Débitos y Créditos/DB,IMPUESTOS DEBITOS,5,"1.450,66",,"-3.936.621,41"
01/08/2022,Trf. Masivas Pago Proveedores,TRANSFERENCIA,12,"239.123,37",,"-3.935.170,75"
01/08/2022,Impuesto Débitos y Créditos/DB,IMPUESTOS DEBITOS,5,"1.434,74",,"-3.696.047,38"
01/08/2022,Trf. Masivas Pago Proveedores,TRANSFERENCIA,12,"238.805,92",,"-3.694.612,64"
01/08/2022,Impuesto Débitos y Créditos/DB,IMPUESTOS DEBITOS,5,"1.432,84",,"-3.455.806,72"
01/08/2022,Trf. Masivas Pago Proveedores,TRANSFERENCIA,12,"237.610,40",,"-3.454.373,88"
01/08/2022,Impuesto Débitos y Créditos/DB,IMPUESTOS DEBITOS,5,"1.425,66",,"-3.216.763,48"
01/08/2022,Trf. Masivas Pago Proveedores,TRANSFERENCIA,12,"236.415,48",,"-3.215.337,82"
01/08/2022,Impuesto Débitos y Créditos/DB,IMPUESTOS DEBITOS,5,"1.418,49",,"-2.978.922,34"
01/08/2022,Trf. Masivas Pago Proveedores,TRANSFERENCIA,12,"235.288,10",,"-2.977.503,85"
01/08/2022,Impuesto Débitos y Créditos/DB,IMPUESTOS DEBITOS,5,"1.411,73",,"-2.742.215,75"
01/08/2022,Trf. Masivas Pago Proveedores,TRANSFERENCIA,12,"233.687,52",,"-2.740.804,02"
01/08/2022,Impuesto Débitos y Créditos/DB,IMPUESTOS DEBITOS,5,"1.402,13",,"-2.507.116,50"
01/08/2022,Trf. Masivas Pago Proveedores,TRANSFERENCIA,12,"223.885,09",,"-2.505.714,37"
01/08/2022,Impuesto Débitos y Créditos/DB,IMPUESTOS DEBITOS,5,"1.343,31",,"-2.281.829,28"
01/08/2022,Trf. Masivas Pago Proveedores,TRANSFERENCIA,12,"218.413,98",,"-2.280.485,97"
01/08/2022,Impuesto Débitos y Créditos/DB,IMPUESTOS DEBITOS,5,"1.310,48",,"-2.062.071,99"
01/08/2022,Trf. Masivas Pago Proveedores,TRANSFERENCIA,12,"217.355,02",,"-2.060.761,51"
01/08/2022,Impuesto Débitos y Créditos/DB,IMPUESTOS DEBITOS,5,"1.304,13",,"-1.843.406,49"
01/08/2022,Trf. Masivas Pago Proveedores,TRANSFERENCIA,12,"160.670,91",,"-1.842.102,36"
01/08/2022,Impuesto Débitos y Créditos/DB,IMPUESTOS DEBITOS,5,"964,03",,"-1.681.431,45"
01/08/2022,Trf. Masivas Pago Proveedores,TRANSFERENCIA,12,"160.640,00",,"-1.680.467,42"
01/08/2022,Impuesto Débitos y Créditos/DB,IMPUESTOS DEBITOS,5,"963,84",,"-1.519.827,42"
01/08/2022,Trf. Masivas Pago Proveedores,TRANSFERENCIA,12,"158.681,21",,"-1.518.863,58"
01/08/2022,Impuesto Débitos y Créditos/DB,IMPUESTOS DEBITOS,5,"952,09",,"-1.360.182,37"
01/08/2022,Trf. Masivas Pago Proveedores,TRANSFERENCIA,12,"121.647,99",,"-1.359.230,28"
01/08/2022,Impuesto Débitos y Créditos/DB,IMPUESTOS DEBITOS,5,"729,89",,"-1.237.582,29"
01/08/2022,Trf. Masivas Pago Proveedores,TRANSFERENCIA,12,"114.268,80",,"-1.236.852,40"
01/08/2022,Impuesto Débitos y Créditos/DB,IMPUESTOS DEBITOS,5,"685,61",,"-1.122.583,60"
01/08/2022,Trf. Masivas Pago Proveedores,TRANSFERENCIA,12,"114.615,94",,"-1.121.897,99"
01/08/2022,Impuesto Débitos y Créditos/DB,IMPUESTOS DEBITOS,5,"687,70",,"-1.007.282,05"
01/08/2022,Trf. Masivas Pago Proveedores,TRANSFERENCIA,12,"106.514,94",,"-1.006.594,35"
01/08/2022,Impuesto Débitos y Créditos/DB,IMPUESTOS DEBITOS,5,"639,09",,"-900.079,41"
01/08/2022,Trf. Masivas Pago Proveedores,TRANSFERENCIA,12,"102.274,17",,"-899.440,32"
01/08/2022,Impuesto Débitos y Créditos/DB,IMPUESTOS DEBITOS,5,"613,65",,"-797.166,15"
01/08/2022,Trf. Masivas Pago Proveedores,TRANSFERENCIA,12,"101.152,20",,"-796.552,50"
01/08/2022,Impuesto Débitos y Créditos/DB,IMPUESTOS DEBITOS,5,"606,91",,"-695.400,30"
01/08/2022,Trf. Masivas Pago Proveedores,TRANSFERENCIA,12,"100.788,18",,"-694.793,39"
01/08/2022,Impuesto Débitos y Créditos/DB,IMPUESTOS DEBITOS,5,"604,73",,"-594.005,21"
01/08/2022,Trf. Masivas Pago Proveedores,TRANSFERENCIA,12,"93.842,00",,"-593.400,48"
01/08/2022,Impuesto Débitos y Créditos/DB,IMPUESTOS DEBITOS,5,"563,05",,"-499.558,48"
01/08/2022,Trf. Masivas Pago Proveedores,TRANSFERENCIA,12,"80.058,83",,"-498.995,43"
01/08/2022,Impuesto Débitos y Créditos/DB,IMPUESTOS DEBITOS,5,"480,35",,"-418.936,60"
01/08/2022,Trf. Masivas Pago Proveedores,TRANSFERENCIA,12,"79.800,00",,"-418.456,25"
01/08/2022,Impuesto Débitos y Créditos/DB,IMPUESTOS DEBITOS,5,"478,80",,"-338.656,25"
01/08/2022,Trf. Masivas Pago Proveedores,TRANSFERENCIA,12,"68.140,00",,"-338.177,45"
01/08/2022,Impuesto Débitos y Créditos/DB,IMPUESTOS DEBITOS,5,"408,84",,"-270.037,45"
01/08/2022,Trf. Masivas Pago Proveedores,TRANSFERENCIA,12,"64.701,22",,"-269.628,61"
01/08/2022,Impuesto Débitos y Créditos/DB,IMPUESTOS DEBITOS,5,"388,21",,"-204.927,39"
01/08/2022,Trf. Masivas Pago Proveedores,TRANSFERENCIA,12,"64.025,00",,"-204.539,18"
01/08/2022,Impuesto Débitos y Créditos/DB,IMPUESTOS DEBITOS,5,"384,15",,"-140.514,18"
01/08/2022,Trf. Masivas Pago Proveedores,TRANSFERENCIA,12,"61.500,00",,"-140.130,03"
01/08/2022,Impuesto Débitos y Créditos/DB,IMPUESTOS DEBITOS,5,"369,00",,"-78.630,03"
01/08/2022,Trf. Masivas Pago Proveedores,TRANSFERENCIA,12,"53.624,00",,"-78.261,03"
01/08/2022,Impuesto Débitos y Créditos/DB,IMPUESTOS DEBITOS,5,"321,74",,"-24.637,03"
01/08/2022,Trf. Masivas Pago Proveedores,TRANSFERENCIA,12,"45.799,50",,"-24.315,29"
01/08/2022,Impuesto Débitos y Créditos/DB,IMPUESTOS DEBITOS,5,"274,80",,"21.484,21"
01/08/2022,Trf. Masivas Pago Proveedores,TRANSFERENCIA,12,"43.746,61",,"21.759,01"
01/08/2022,Impuesto Débitos y Créditos/DB,IMPUESTOS DEBITOS,5,"262,48",,"65.505,62"
01/08/2022,Trf. Masivas Pago Proveedores,TRANSFERENCIA,12,"43.658,50",,"65.768,10"
01/08/2022,Impuesto Débitos y Créditos/DB,IMPUESTOS DEBITOS,5,"261,95",,"109.426,60"
01/08/2022,Trf. Masivas Pago Proveedores,TRANSFERENCIA,12,"20.402,71",,"109.688,55"
01/08/2022,Impuesto Débitos y Créditos/DB,IMPUESTOS DEBITOS,5,"122,42",,"130.091,26"
01/08/2022,Trf. Masivas Pago Proveedores,TRANSFERENCIA,12,"17.403,75",,"130.213,68"
01/08/2022,Impuesto Débitos y Créditos/DB,IMPUESTOS DEBITOS,5,"104,42",,"147.617,43"
01/08/2022,Trf. Masivas Pago Proveedores,TRANSFERENCIA,12,"115.913,00",,"147.721,85"
01/08/2022,Impuesto Débitos y Créditos/DB,IMPUESTOS DEBITOS,5,"695,48",,"263.634,85"
01/08/2022,Trf. Masivas Pago Proveedores,TRANSFERENCIA,12,"124.349,25",,"264.330,33"
01/08/2022,Impuesto Débitos y Créditos/DB,IMPUESTOS DEBITOS,5,"746,10",,"388.679,58"
01/08/2022,Trf. Masivas Pago Proveedores,TRANSFERENCIA,12,"158.163,60",,"389.425,68"
01/08/2022,Impuesto Débitos y Créditos/DB,IMPUESTOS DEBITOS,5,"948,98",,"547.589,28"
01/08/2022,Trf. Masivas Pago Proveedores,TRANSFERENCIA,12,"129.222,75",,"548.538,26"
01/08/2022,Impuesto Débitos y Créditos/DB,IMPUESTOS DEBITOS,5,"775,34",,"677.761,01"
01/08/2022,Trf. Masivas Pago Proveedores,TRANSFERENCIA,12,"154.101,97",,"678.536,35"
01/08/2022,Impuesto Débitos y Créditos/DB,IMPUESTOS DEBITOS,5,"924,61",,"832.638,32"
01/08/2022,Trf. Masivas Pago Proveedores,TRANSFERENCIA,12,"153.263,25",,"833.562,93"
01/08/2022,Impuesto Débitos y Créditos/DB,IMPUESTOS DEBITOS,5,"919,58",,"986.826,18"
01/08/2022,Trf. Masivas Pago Proveedores,TRANSFERENCIA,12,"150.077,19",,"987.745,76"
01/08/2022,Impuesto Débitos y Créditos/DB,IMPUESTOS DEBITOS,5,"900,46",,"1.137.822,95"
01/08/2022,Trf. Masivas Pago Proveedores,TRANSFERENCIA,12,"147.466,00",,"1.138.723,41"
01/08/2022,Impuesto Débitos y Créditos/DB,IMPUESTOS DEBITOS,5,"884,80",,"1.286.189,41"
01/08/2022,Trf. Masivas Pago Proveedores,TRANSFERENCIA,12,"147.466,00",,"1.287.074,21"
01/08/2022,Impuesto Débitos y Créditos/DB,IMPUESTOS DEBITOS,5,"884,80",,"1.434.540,21"
01/08/2022,Trf. Masivas Pago Proveedores,TRANSFERENCIA,12,"147.466,00",,"1.435.425,01"
01/08/2022,Impuesto Débitos y Créditos/DB,IMPUESTOS DEBITOS,5,"884,80",,"1.582.891,01"
01/08/2022,Trf. Masivas Pago Proveedores,TRANSFERENCIA,12,"147.466,00",,"1.583.775,81"
01/08/2022,Impuesto Débitos y Créditos/DB,IMPUESTOS DEBITOS,5,"884,80",,"1.731.241,81"
01/08/2022,Trf. Masivas Pago Proveedores,TRANSFERENCIA,12,"147.466,00",,"1.732.126,61"
01/08/2022,Impuesto Débitos y Créditos/DB,IMPUESTOS DEBITOS,5,"884,80",,"1.879.592,61"
01/08/2022,Trf. Masivas Pago Proveedores,TRANSFERENCIA,12,"146.524,00",,"1.880.477,41"
01/08/2022,Impuesto Débitos y Créditos/DB,IMPUESTOS DEBITOS,5,"879,14",,"2.027.001,41"
01/08/2022,Trf. Masivas Pago Proveedores,TRANSFERENCIA,12,"142.283,32",,"2.027.880,55"
01/08/2022,Impuesto Débitos y Créditos/DB,IMPUESTOS DEBITOS,5,"853,70",,"2.170.163,87"
01/08/2022,Trf. Masivas Pago Proveedores,TRANSFERENCIA,12,"142.099,81",,"2.171.017,57"
01/08/2022,Impuesto Débitos y Créditos/DB,IMPUESTOS DEBITOS,5,"852,60",,"2.313.117,38"
01/08/2022,Trf. Masivas Pago Proveedores,TRANSFERENCIA,12,"139.788,00",,"2.313.969,98"
01/08/2022,Impuesto Débitos y Créditos/DB,IMPUESTOS DEBITOS,5,"838,73",,"2.453.757,98"
01/08/2022,Trf. Masivas Pago Proveedores,TRANSFERENCIA,12,"134.232,00",,"2.454.596,71"
01/08/2022,Impuesto Débitos y Créditos/DB,IMPUESTOS DEBITOS,5,"805,39",,"2.588.828,71"
01/08/2022,Trf. Masivas Pago Proveedores,TRANSFERENCIA,12,"134.060,00",,"2.589.634,10"
01/08/2022,Impuesto Débitos y Créditos/DB,IMPUESTOS DEBITOS,5,"804,36",,"2.723.694,10"
01/08/2022,Trf. Masivas Pago Proveedores,TRANSFERENCIA,12,"134.060,00",,"2.724.498,46"
01/08/2022,Impuesto Débitos y Créditos/DB,IMPUESTOS DEBITOS,5,"804,36",,"2.858.558,46"
01/08/2022,Trf. Masivas Pago Proveedores,TRANSFERENCIA,12,"134.060,00",,"2.859.362,82"
01/08/2022,Impuesto Débitos y Créditos/DB,IMPUESTOS DEBITOS,5,"804,36",,"2.993.422,82"
01/08/2022,Trf. Masivas Pago Proveedores,TRANSFERENCIA,12,"134.060,00",,"2.994.227,18"
01/08/2022,Impuesto Débitos y Créditos/DB,IMPUESTOS DEBITOS,5,"804,36",,"3.128.287,18"
01/08/2022,Trf. Masivas Pago Proveedores,TRANSFERENCIA,12,"130.038,00",,"3.129.091,54"
01/08/2022,Impuesto Débitos y Créditos/DB,IMPUESTOS DEBITOS,5,"780,23",,"3.259.129,54"
01/08/2022,Trf. Masivas Pago Proveedores,TRANSFERENCIA,12,"129.521,58",,"3.259.909,77"
01/08/2022,Impuesto Débitos y Créditos/DB,IMPUESTOS DEBITOS,5,"777,13",,"3.389.431,35"
01/08/2022,Trf. Masivas Pago Proveedores,TRANSFERENCIA,12,"280.812,29",,"3.390.208,48"
01/08/2022,Impuesto Débitos y Créditos/DB,IMPUESTOS DEBITOS,5,"1.684,87",,"3.671.020,77"
01/08/2022,Crédito por Transferencia,TRANSFERENCIA,12,,"2.000.000,00","3.672.705,64"
01/08/2022,Crédito Transf. HomeBanking,TRANSFERENCIA,12,,"7.000.000,00","1.672.705,64"
01/08/2022,IIBB- Acreditaciones Bancarias,IIBB,3,"126.000,00",,"-5.327.294,36"
01/08/2022,Impuesto Débitos y Créditos/CR,IMPUESTOS CREDITOS,4,"42.000,00",,"-5.201.294,36"
01/08/2022,Impuesto Débitos y Créditos/DB,IMPUESTOS DEBITOS,5,"756,00",,"-5.159.294,36"
01/08/2022,CRED BCA ELECTR INTERBANC EXEN,TRANSFERENCIA,12,,"2.100.000,00","-5.158.538,36"
01/08/2022,CRED BCA ELECTR INTERBANC EXEN,TRANSFERENCIA,12,,"2.900.000,00","-7.258.538,36"
01/08/2022,Intereses de Sobregiro,INTERESES,6,"210.718,02",,"-10.158.538,36"
01/08/2022,Intereses de Sobregiro,INTERESES,6,"36.535,73",,"-9.947.820,34"
01/08/2022,Intereses de Sobregiro,INTERESES,6,"45.230,73",,"-9.911.284,61"
01/08/2022,IVA,IVA,7,"22.125,39",,"-9.866.053,88"
01/08/2022,IVA,IVA,7,"3.836,25",,"-9.843.928,49"
01/08/2022,IVA,IVA,7,"4.749,23",,"-9.840.092,24"
01/08/2022,Percepción I.V.A. RG. 3337,PERC. IVA,9,"3.160,77",,"-9.835.343,01"
01/08/2022,Percepción I.V.A. RG. 3337,PERC. IVA,9,"548,04",,"-9.832.182,24"
01/08/2022,Percepción I.V.A. RG. 3337,PERC. IVA,9,"678,46",,"-9.831.634,20"
01/08/2022,Cobro Percepción IIBB,IIBB,3,"210,72",,"-9.830.955,74"
01/08/2022,Cobro Percepción IIBB,IIBB,3,"36,54",,"-9.830.745,02"
01/08/2022,Cobro Percepción IIBB,IIBB,3,"45,23",,"-9.830.708,48"
01/08/2022,Impuesto Débitos y Créditos/DB,IMPUESTOS DEBITOS,5,"1.264,31",,"-9.830.663,25"
01/08/2022,Impuesto Débitos y Créditos/DB,IMPUESTOS DEBITOS,5,"219,21",,"-9.829.398,94"
01/08/2022,Impuesto Débitos y Créditos/DB,IMPUESTOS DEBITOS,5,"271,38",,"-9.829.179,73"
01/08/2022,Impuesto Débitos y Créditos/DB,IMPUESTOS DEBITOS,5,"132,75",,"-9.828.908,35"
01/08/2022,Impuesto Débitos y Créditos/DB,IMPUESTOS DEBITOS,5,"23,02",,"-9.828.775,60"
01/08/2022,Impuesto Débitos y Créditos/DB,IMPUESTOS DEBITOS,5,"28,50",,"-9.828.752,58"
01/08/2022,Impuesto Débitos y Créditos/DB,IMPUESTOS DEBITOS,5,"18,96",,"-9.828.724,08"
01/08/2022,Impuesto Débitos y Créditos/DB,IMPUESTOS DEBITOS,5,"3,29",,"-9.828.705,12"
01/08/2022,Impuesto Débitos y Créditos/DB,IMPUESTOS DEBITOS,5,"4,07",,"-9.828.701,83"
01/08/2022,Impuesto Débitos y Créditos/DB,IMPUESTOS DEBITOS,5,"1,26",,"-9.828.697,76"
01/08/2022,Impuesto Débitos y Créditos/DB,IMPUESTOS DEBITOS,5,"0,22",,"-9.828.696,50"
01/08/2022,Impuesto Débitos y Créditos/DB,IMPUESTOS DEBITOS,5,"0,27",,"-9.828.696,28"
01/08/2022,IMPUESTO A LOS SELLOS,SELLOS,10,"5.997,73",,"-9.828.696,01"
01/08/2022,Pago Cheque de Cámara Recibida,CHEQUE,1,"23.154,53",,"-9.822.698,28"
01/08/2022,Impuesto Débitos y Créditos/DB,IMPUESTOS DEBITOS,5,"138,93",,"-9.799.543,75"
01/08/2022,Pago Cheque de Cámara Recibida,CHEQUE,1,"7.500,00",,"-9.799.404,82"
01/08/2022,Impuesto Débitos y Créditos/DB,IMPUESTOS DEBITOS,5,"45,00",,"-9.791.904,82"
01/08/2022,Pago Cheque de Cámara Recibida,CHEQUE,1,"32.561,24",,"-9.791.859,82"
01/08/2022,Impuesto Débitos y Créditos/DB,IMPUESTOS DEBITOS,5,"195,37",,"-9.759.298,58"
01/08/2022,Pago Cheque de Cámara Recibida,CHEQUE,1,"33.942,27",,"-9.759.103,21"
01/08/2022,Impuesto Débitos y Créditos/DB,IMPUESTOS DEBITOS,5,"203,65",,"-9.725.160,94"
01/08/2022,Pago Cheque de Cámara Recibida,CHEQUE,1,"10.608,34",,"-9.724.957,29"
01/08/2022,Impuesto Débitos y Créditos/DB,IMPUESTOS DEBITOS,5,"63,65",,"-9.714.348,95"
01/08/2022,SIPAP - Pago Cheque de Cámara,CHEQUE,1,"141.933,86",,"-9.714.285,30"
01/08/2022,Impuesto Débitos y Créditos/DB,IMPUESTOS DEBITOS,5,"851,60",,"-9.572.351,44"
01/08/2022,SIPAP - Pago Cheque de Cámara,CHEQUE,1,"23.857,21",,"-9.571.499,84"
01/08/2022,Impuesto Débitos y Créditos/DB,IMPUESTOS DEBITOS,5,"143,14",,"-9.547.642,63"
01/08/2022,SIPAP - Pago Cheque de Cámara,CHEQUE,1,"148.835,71",,"-9.547.499,49"
01/08/2022,Impuesto Débitos y Créditos/DB,IMPUESTOS DEBITOS,5,"893,01",,"-9.398.663,78"
01/08/2022,Pago Cheque de Cámara Recibida,CHEQUE,1,"2.000.000,00",,"-9.397.770,77"
01/08/2022,Impuesto Débitos y Créditos/DB,IMPUESTOS DEBITOS,5,"12.000,00",,"-7.397.770,77"
01/08/2022,Pago Cheque de Cámara Recibida,CHEQUE,1,"1.644.478,50",,"-7.385.770,77"
01/08/2022,Impuesto Débitos y Créditos/DB,IMPUESTOS DEBITOS,5,"9.866,87",,"-5.741.292,27"
01/08/2022,Pago Cheque de Cámara Recibida,CHEQUE,1,"220.871,60",,"-5.731.425,40"
01/08/2022,Impuesto Débitos y Créditos/DB,IMPUESTOS DEBITOS,5,"1.325,23",,"-5.510.553,80"
01/08/2022,Pago Cheque de Cámara Recibida,CHEQUE,1,"98.993,40",,"-5.509.228,57"
01/08/2022,Impuesto Débitos y Créditos/DB,IMPUESTOS DEBITOS,5,"593,96",,"-5.410.235,17"
01/08/2022,Pago Cheque de Cámara Recibida,CHEQUE,1,"308.902,81",,"-5.409.641,21"
01/08/2022,Impuesto Débitos y Créditos/DB,IMPUESTOS DEBITOS,5,"1.853,42",,"-5.100.738,40"
01/08/2022,Pago Cheque de Cámara Recibida,CHEQUE,1,"585.080,36",,"-5.098.884,98"
01/08/2022,Impuesto Débitos y Créditos/DB,IMPUESTOS DEBITOS,5,"3.510,48",,"-4.513.804,62"
01/08/2022,Pago Cheque de Cámara Recibida,CHEQUE,1,"136.263,13",,"-4.510.294,14"
01/08/2022,Impuesto Débitos y Créditos/DB,IMPUESTOS DEBITOS,5,"817,58",,"-4.374.031,01"
01/08/2022,Pago Cheque de Cámara Recibida,CHEQUE,1,"1.009.848,20",,"-4.373.213,43"
01/08/2022,Impuesto Débitos y Créditos/DB,IMPUESTOS DEBITOS,5,"6.059,09",,"-3.363.365,23"
01/08/2022,Pago Cheque de Cámara Recibida,CHEQUE,1,"1.693.845,56",,"-3.357.306,14"
01/08/2022,Impuesto Débitos y Créditos/DB,IMPUESTOS DEBITOS,5,"10.163,07",,"-1.663.460,58"
01/08/2022,Pago Cheque de Cámara Recibida,CHEQUE,1,"1.500.000,00",,"-1.653.297,51"
01/08/2022,Impuesto Débitos y Créditos/DB,IMPUESTOS DEBITOS,5,"9.000,00",,"-153.297,51"
